1859 3182
170 109 227 151 98
696 105 859 142 TAcrri
888 105 1229 143 HISTORIARUM

172 218 481 272 deprecantibus
523 218 656 256 omisit
700 217 880 270 Priscus,
925 219 1063 270 variis,
1108 224 1152 257 ut
1195 223 1287 257 sunt
1332 217 1535 257 hominum
1575 219 1744 273 ingenia,

172 278 423 319 sermonibus
450 277 761 316 moderationem
788 277 1032 316 laudantium
1062 283 1129 316 aut
1155 278 1416 316 constantiam
1442 279 1745 329 requirentium.

118 347 154 372 10
292 338 479 376 Ceterum
519 349 564 375 eo
604 343 765 375 senatus
805 336 885 388 die,
931 349 1008 388 quo
1054 336 1101 375 de
1143 337 1309 387 imperio
1350 335 1577 388 Vespasiani
1610 349 1744 376 cense-

171 398 284 449 bant,
315 396 518 448 placuerat
556 397 659 434 mitti
691 396 738 434 ad
774 397 995 447 principem
1027 395 1188 447 legatos.
1251 396 1343 434 hinc
1381 397 1487 435 inter
1521 395 1744 435 Helvidium

172 462 212 496 et
243 456 409 508 Eprium
436 468 526 494 acre
558 456 749 506 iurgium:
792 455 954 494 Priscus
994 455 1084 506 eligi
1123 456 1355 494 nominatim
1389 467 1409 493 a
1446 454 1746 506 magistratibus

171 518 330 568 iuratis,
369 514 578 554 Marcellus
616 527 758 553 urnam
796 514 1038 566 postulabat,
1085 527 1184 566 quae
1224 514 1399 553 consulis
1431 514 1625 566 designati
1658 526 1745 554 sen-

171 576 295 615 tentia
327 575 467 614 fuerat.

132 619 156 661 7
295 634 370 673 Sed
405 633 581 672 Marcelli
614 633 789 672 studium
816 634 1003 684 proprius
1031 633 1154 672 rubor
1180 632 1387 685 excitabat,
1420 645 1468 672 ne
1496 632 1582 672 aliis
1609 633 1746 672 electis

173 693 425 746 posthabitus
483 693 733 744 crederetur,
784 692 1051 743 paulatimque
1095 704 1167 743 per
1218 691 1515 731 altercationem
1562 692 1611 731 ad
1656 704 1748 732 con·

174 755 305 792 tinuas
338 758 377 791 et
409 752 573 792 infestas
606 753 805 791 orationes
838 753 1016 804 provecti
1048 757 1158 803 sunt,
1192 757 1408 802 quaerente
1434 751 1625 804 Helvidio,
1653 751 1748 803 quid

174 814 228 852 ita
260 811 469 851 Marcellus
502 811 694 850 iudicium
727 813 1029 863 magistratuum
1063 816 1310 862 pavesceret:
1344 823 1430 849 esse
1457 810 1514 849 illi
1539 812 1749 863 pecuniam

138 868 156 893 5
176 878 215 911 et
248 871 531 923 eloquentiam,
578 872 666 921 quis
700 871 844 910 multos
883 872 1070 922 anteiret,
1112 872 1153 908 ni
1186 871 1375 908 memorIa
1407 870 1647 921 flagitiorum
1685 882 1749 908 ur-

176 936 378 982 gueretur.
422 935 528 968 sorte
562 936 602 969 et
634 942 733 968 urna
766 943 897 969 mores
930 942 1009 968 non
1042 930 1236 968 discerni:
1269 929 1455 980 suffragia
1488 935 1527 968 et
1553 930 1750 968 existima-

175 992 324 1029 tionem
359 994 519 1028 senatus
552 994 729 1042 reperta,
767 996 811 1030 ut
843 992 883 1029 in
922 990 1116 1040 cuiusque
1156 990 1274 1027 vitam
1314 989 1534 1040 famamque
1570 993 1751 1040 penetra-

176 1055 278 1088 rent.
330 1050 531 1101 pertinere
565 1048 612 1086 ad
646 1049 857 1089 utilitatem
890 1050 949 1087 rei
981 1048 1180 1099 publicae,
1214 1049 1415 1099 pertinere
1448 1048 1493 1087 ad
1521 1047 1753 1099 Vespasiani

176 1108 387 1161 honorem,
421 1120 634 1146 occurrere
668 1108 743 1161 illi,
777 1121 876 1160 quos
908 1109 1258 1147 innocentissimos
1292 1112 1453 1146 senatus
1485 1107 1645 1159 habeat,
1685 1107 1754 1158 qui

123 1164 157 1190 ¹⁰
176 1168 356 1207 honestis
389 1167 641 1206 sermonibus
681 1180 797 1207 aures
836 1168 1087 1219 imperatoris
1125 1166 1303 1205 inbuant.
1360 1166 1483 1206 fuisse
1515 1166 1754 1218 Vespasiano

179 1329 416 1374 expostulata.
451 1331 506 1364 est
541 1328 671 1364 Calvia
704 1328 932 1373 Crispinilla,

179 1378 244 1412 sed
265 1404 272 1411 .
289 1406 295 1412 .
314 1404 321 1412 .
342 1377 509 1422 periculo
538 1378 713 1422 exempta
739 1378 808 1418 est;
841 1388 869 1411 o.
886 1380 932 1411 80

174 1435 291 1469 parvo
335 1425 483 1460 interim
527 1426 661 1466 initio,
698 1424 796 1459 unde
839 1424 934 1458 nihil

178 1472 391 1514 timebatur,
423 1475 505 1507 orta
536 1473 666 1507 seditio
701 1481 818 1516 prope
848 1471 934 1505 urbi

178 1519 319 1554 eoecidio
345 1519 435 1562 fuit3
463 1520 507 1554 A.
534 1519 605 1562 ΙΙΙ,
633 1523 677 1553 59
704 1520 877 1553 recitatae
903 1521 935 1552 et

1056 1328 1090 1364 7.
1115 1333 1144 1364 1.
1162 1329 1338 1372 proprius
1353 1328 1481 1374 rubor]
1507 1321 1755 1373 ‘person‘liche

1007 1375 1171 1411 Scham’.
1224 1375 1306 1420 Vgl.
1336 1387 1364 1410 c.
1394 1379 1457 1419 50,
1485 1380 1540 1411 14.

1055 1427 1088 1458 2.
1115 1423 1334 1468 crederetur]
1363 1435 1390 1459 s.
1418 1435 1462 1458 zu
1487 1422 1552 1468 ΙΙΙ,
1576 1427 1609 1467 4,
1637 1427 1668 1458 6.

1055 1471 1242 1505 altercatio
1291 1470 1367 1505 und
1417 1471 1594 1505 continua
1638 1471 1757 1506 oratio

1007 1518 1155 1553 werden
1194 1518 1373 1552 einander
1411 1518 1756 1563 entgegengesetzt,

178 1566 299 1601 Drusi
325 1567 512 1611 epistulae,
539 1577 760 1611 quamquam
786 1566 835 1600 ad
860 1576 933 1600 mo-

179 1615 333 1650 destiam
377 1615 511 1657 flexae,
554 1625 624 1658 pro
663 1613 934 1657 superbissimis

178 1662 432 1706 aecipiusntur;
472 1660 535 1705 IV,
569 1665 613 1696 27
647 1662 769 1696 eadem
801 1663 935 1695 aestate

178 1712 275 1744 mota
306 1719 373 1753 per
406 1709 564 1743 Italiam
594 1709 737 1744 servilis
770 1708 853 1743 belli
884 1718 934 1743 se-

181 1757 284 1791 mina
308 1756 386 1799 fors
412 1757 600 1800 oppressit.

146 1837 150 1841 ,
229 1807 260 1838 8.
289 1804 425 1849 omisit]
460 1803 606 1838 Anders
633 1803 726 1837 wird
753 1803 816 1837 der
843 1801 935 1837 Aus-

181 1861 282 1896 gang
308 1850 406 1885 Dial.
432 1854 451 1885 5
479 1851 688 1885 motiviert:
715 1851 805 1894 quid
831 1850 937 1885 aliud

181 1898 325 1941 infestis
341 1899 515 1943 patribus
534 1909 653 1942 nuper
666 1898 812 1942 Eprius
829 1898 937 1932 Mar-

181 1947 291 1981 cellus
322 1957 431 1990 quam
464 1947 705 1991 eloquentiam
737 1956 842 1980 suam
874 1955 935 1990 op-

176 1993 334 2038 posuit?
384 2004 458 2038 qua
502 1994 687 2028 accinctus
731 1996 763 2027 et
805 1993 936 2027 minaec

182 2041 356 2076 disertam
381 2041 545 2085 quidem,
570 2042 631 2075 sed
659 2041 936 2075 inexercitatam

181 2091 213 2122 et
263 2089 340 2122 eius
383 2089 484 2123 modi
528 2089 767 2123 certaminum
810 2089 937 2122 rudem

181 2135 350 2170 Helvidii
383 2136 605 2179 sapientiam
631 2136 747 2170 elusit.
801 2156 844 2159 —
886 2135 938 2169 Zu

182 2183 303 2218 omisit
335 2186 493 2227 erganze
525 2194 646 2225 reum,·
685 2195 710 2217 s.
745 2194 775 2217 c
809 2186 937 2225 78,12

183 2231 312 2265 omisso
338 2231 443 2265 hoste.

231 2282 262 2314 9.
303 2279 512 2324 constantia
842 2277 940 2311 Kon

182 2325 371 2369 sequenz⁷.
431 2319 531 2360 Uber
586 2325 821 2359 laudantium
865 2324 940 2358 und

182 2374 445 2417 requirentium
481 2385 507 2407 s.
536 2372 636 2415 zuL
664 2376 703 2415 4,
731 2376 761 2406 5.

232 2423 286 2454 10.
315 2420 483 2465 ceterum]
515 2419 678 2454 Hiermii:
698 2420 831 2453 nimmt
853 2418 938 2454 Tac.

184 2466 255 2501 den
283 2467 370 2512 Cap.
402 2472 424 2502 4
451 2467 760 2512 abgebrochenen
787 2466 940 2501 Bericht

183 2514 274 2549 iiber
301 2515 360 2549 die
388 2515 678 2559 Senatssitzung‘
702 2515 840 2549 wieder
866 2514 939 2548 auf.

233 2565 286 2596 12.
315 2574 339 2596 a
364 2563 643 2607 mayistratibus
669 2562 820 2607 iuratis]
857 2561 879 2596 i.
909 2572 938 2597 e.

185 2619 207 2643 a
233 2610 459 2653 consulibus,
488 2622 572 2645 cum
598 2609 679 2644 iure
700 2609 856 2644 iurando
878 2620 939 2643 an-

183 2658 246 2691 tea
273 2667 311 2691 se
339 2657 626 2692 obstrinxissent
666 2668 703 2692 se
730 2657 941 2692 nominatu-

183 2715 263 2747 ros,
297 2715 390 2747 quos
418 2704 534 2749 deligi
572 2716 590 2739 e
617 2715 656 2739 re
682 2704 836 2749 publica
863 2715 940 2739 esse

185 2753 389 2786 censerent.

234 2802 288 2833 13.
315 2810 414 2834 urna
442 2799 516 2834 die
540 2799 653 2834 Wahl
683 2798 818 2834 dmehs
838 2798 940 2834 Los'.

233 2848 394 2881 consulis
427 2847 519 2882 desi
505 2847 627 2893 Jnati]
664 2846 808 2882 Valerii
839 2846 960 2881 Asia-

185 2892 253 2927 tici
278 2895 322 2938 (c
351 2896 483 2938 4,11).

554 2276 800 2322 ‘Festigkeit,

1006 1565 1077 1600 wie
1097 1564 1176 1600 Liv.
1198 1564 1260 1608 IV,
1283 1569 1315 1609 6,
1338 1570 1355 1599 1
1384 1576 1464 1600 cum
1561 1576 1617 1601 res
1638 1577 1661 1600 a
1678 1576 1757 1610 per-

1001 1614 1126 1658 petuis
1158 1613 1388 1648 orationibus
1422 1614 1463 1648 in
1489 1614 1759 1648 altercationem

1008 1661 1169 1695 vertisset
1196 1662 1265 1694 etc.

1056 1711 1089 1742 4.
1125 1708 1305 1742 iudicium
1345 1707 1421 1742 ‘die
1458 1706 1755 1753 Entscheidung’

1010 1755 1044 1789 d.
1071 1754 1095 1789 i.
1131 1755 1206 1789 ‘die
1233 1755 1376 1789 Wahl'.

1051 1802 1272 1848 pavesceret]
1301 1814 1327 1836 s.
1354 1815 1399 1836 zu
1424 1802 1495 1845 ΙΙΙ,
1523 1805 1578 1846 56,
1609 1806 1661 1837 10.

1059 1854 1090 1885 5.
1113 1851 1195 1895 quis
1214 1850 1345 1884 multos
1364 1850 1534 1896 anteiret]
1565 1850 1759 1885 ‘wodurch

1012 1909 1051 1933 ei·
1084 1908 1151 1932 vor
1183 1896 1307 1931 vielen
1339 1897 1501 1932 anderen
1534 1896 1643 1932 einen
1668 1897 1761 1932 Vor-

1009 1956 1150 2026 sprugig
1188 1944 1241 1989 (in
1273 1945 1338 1979 der
1371 1944 1606 1990 Wahlfrage)
1638 1945 1762 1981 haben

1008 1996 1087 2027 wu‘r
1117 1992 1164 2027 e’.

1060 2045 1091 2075 6.
1111 2043 1205 2075 sorte
1224 2043 1256 2074 et
1275 2040 1391 2086 urna]
1412 2039 1498 2075 Tac.
1519 2040 1760 2074 verschmiiht

1011 2088 1082 2122 den
1110 2087 1304 2122 Gebrauch
1334 2098 1408 2122 von
1439 2087 1461 2122 S
1464 2097 1677 2132 ynonymen
1709 2087 1761 2121 im

1011 2134 1276 2169 reduerischen
1303 2134 1372 2170 Stil
1399 2134 1583 2169 durchaus
1610 2133 1725 2170 nicht.

1060 2183 1190 2226 mores]
1218 2194 1245 2215 S.
1273 2193 1317 2216 zu
1341 2182 1405 2226 ΙΙΙ,
1433 2186 1487 2226 72,
1514 2186 1546 2217 3.

1063 2233 1093 2264 7.
1118 2230 1277 2273 reperire
1305 2210 1532 2264 ‘einf’uhren’
1538 2228 1638 2274 ,wie
1660 2230 1764 2265 sonst

1013 2276 1115 2311 wohl
1141 2278 1305 2312 invenire
1331 2277 1441 2312 steht.

1029 2324 1277 2406 hpenetrarffl
1283 2324 1391 2360 einen
1411 2325 1571 2360 tieferen
1587 2323 1763 2360 Einblick

1012 2372 1028 2407 't
1058 2384 1107 2406 un

1062 2423 1093 2454 8.
1108 2420 1294 2473 pertinere
1308 2419 1402 2466 acl]‘
1408 2430 1446 2454 es
1461 2418 1632 2464 gereiche
1647 2431 1690 2454 zu
1706 2439 1762 2463 ——‚

1014 2478 1052 2501 es
1080 2468 1132 2501 sei
1159 2478 1230 2502 von
1256 2466 1365 2502 Wert
1390 2466 1448 2501 fiir
1468 2465 1542 2501 —’.
1580 2465 1762 2511 Vg1.Cic.

1013 2527 1050 2560 p.
1081 2513 1173 2549 Sest.
1207 2518 1225 2556 ξ
1254 2518 1296 2549 71
1326 2515 1508 2559 pertinere
1538 2517 1571 2549 et
1602 2514 1652 2549 ad
1682 2524 1764 2549 con-

1014 2563 1178 2597 cordiam
1204 2562 1345 2597 civilem
1373 2562 1524 2606 putavit
1554 2564 1588 2596 et
1613 2561 1662 2596 ad
1684 2571 1765 2606 per-

1014 2610 1163 2653 ficiendi
1200 2610 1429 2653 facultatem,
1473 2609 1637 2644 animum
1678 2608 1764 2643 an-

1014 2658 1111 2691 saris
1137 2669 1161 2692 a
1187 2667 1300 2692 eausa
1324 2667 1400 2692 non
1425 2657 1635 2698 abhorrere;
1667 2656 1762 2700 Nep.

1014 2704 1144 2748 Epam.
1172 2708 1212 2748 2,
1241 2708 1262 2738 4
1293 2705 1388 2739 hanc
1414 2704 1682 2748 (velocitatem)
1716 2703 1765 2738 ad

1015 2752 1098 2786 belli
1123 2754 1259 2797 (usum)
1286 2752 1520 2787 existimabat
1547 2752 1739 2796 pertinere.

1066 2803 1118 2834 10.
1145 2800 1284 2834 honesti
1302 2810 1480 2835 sermones
1502 2799 1577 2834 ‘die
1598 2797 1763 2844 Spraohe

1016 2847 1081 2881 der
1107 2846 1291 2891 Tugend’.

1064 2894 1239 2940 inbuant]
1267 2904 1295 2930 s,
1322 2906 1367 2928 zu
1392 2893 1455 2938 III,
1484 2896 1540 2938 15,
1567 2896 1621 2928 12.
