1875 3214
521 104 667 139 LIBER
691 104 756 141 ΠΙ,
809 103 914 139 ΟΑΡ.
941 108 1092 141 56-58.
1596 105 1651 146 57

195 217 273 256 Sed
318 217 485 256 classem
526 215 793 254 Misenensem
837 212 1011 268 (tantum
1056 216 1239 255 civilibus
1279 216 1491 256 discordiis
1536 218 1654 256 etiam
1669 213 1724 256 57

75 277 321 329 singulorum
354 276 518 315 audacia
550 270 671 328 valet>
713 274 901 314 Claudius
936 275 1177 315 Faventinus
1217 277 1400 315 centurio
1441 289 1513 327 per
1546 278 1654 327 igno-

73 338 235 377 miniam
268 349 289 375 a
322 335 443 374 Galba
481 335 669 374 dimissus
709 334 756 373 ad
797 334 1062 374 defectionem
1103 337 1242 387 traxit,
1282 336 1386 375 fictis
1425 335 1656 388 Vespasiani

74 396 254 449 epistulis
293 396 467 447 pretium
509 393 747 446 proditionis
797 400 1013 433 ostentans.

1076 400 1261 446 praeerat
1306 395 1423 434 classi
1468 395 1655 435 Claudius

72 455 310 508 Apollinaris
342 467 471 505 neque
504 453 598 492 fidei
624 459 811 492 constans
839 466 968 505 neque
997 459 1186 493 strenuus
1206 456 1247 493 in
1274 455 1458 507 perfidia,
1492 461 1531 494 et
1563 456 1652 507 Api-
1674 463 1690 489 5

72 517 163 555 nius
196 514 289 553 Tiro
322 519 510 565 praetura
543 514 704 552 functus
738 525 782 551 ac
813 518 898 552 tum
925 513 1026 552 forte
1054 513 1268 553 Minturnis
1295 527 1415 565 agens
1443 515 1587 553 ducem
1614 527 1655 553 se

73 573 344 614 defectoribus
365 573 519 612 obtulit.
565 585 584 611 a
620 572 765 624 quibus
792 574 1009 625 municipia
1040 573 1298 625 coloniaeque
1324 574 1517 627 inpulsae,
1544 586 1655 625 prae-

73 636 189 686 cipuo
221 633 532 672 Puteolanorum
570 633 611 671 in
649 632 936 683 Vespasianum
969 633 1119 685 studio,
1163 639 1300 672 contra
1334 633 1467 685 Capua
1501 633 1656 672 Vitellio

71 694 167 746 fida,
200 692 481 744 municipalem
515 691 819 731 aemulationem
846 691 960 731 hellis
989 691 1172 731 civilibus
1199 693 1430 732 miscebant.
1476 693 1658 732 Vitellius

73 752 278 793 Claudium
320 752 517 791 Iulianum
561 749 616 804 (is
660 764 790 803 nuper
832 751 997 791 classem
1037 752 1303 792 Misenensem
1341 753 1451 791 molli
1489 754 1657 804 imperio
1680 761 1714 786 10

70 810 246 866 rexerat)
292 811 589 863 permulcendis
634 811 804 851 militum
850 812 991 850 animis
1037 812 1200 865 delegit3
1245 812 1333 852 data
1381 814 1421 851 in
1467 812 1659 851 auxilium

74 872 226 922 urbana
259 871 402 911 cohors
435 876 475 910 et
507 871 764 923 gladiatores,
798 870 944 923 quibus
977 870 1153 910 Iulianus
1185 878 1380 923 praeerat.
1427 878 1471 912 ut
1504 872 1658 911 conlata

70 933 275 983 utrimque
310 937 456 984 castra,
495 931 599 970 haud
634 943 771 982 magna
807 932 1061 970 cunctatione
1094 931 1245 970 Iuliano
1278 934 1318 970 in
1351 937 1485 982 partes
1515 931 1658 983 Vespa-

72 992 173 1030 siani
205 997 475 1042 transgresso,
520 990 776 1029 Tarracinam
816 1003 1060 1041 occupavere
1092 991 1304 1030 moenibus
1338 992 1499 1043 situque
1533 992 1660 1042 magis

74 1063 192 1103 quam
225 1052 406 1102 ipsorum
438 1051 598 1101 ingenio
631 1056 768 1089 tutam.

191 1109 299 1156 Quae
333 1109 403 1148 ubi
434 1109 590 1148 Vitellio
625 1111 799 1161 cognita,
832 1115 944 1161 parte
979 1111 1184 1161 copiarum
1217 1110 1387 1149 Narniae
1425 1123 1514 1150 cum
1548 1123 1659 1162 prae-
1675 1110 1731 1152 58

72 1170 188 1209 fectis
220 1171 412 1221 praetorii
443 1169 583 1208 relicta
614 1169 656 1208 L.
690 1169 893 1208 Vitellium
926 1170 1090 1208 fratrem
1124 1183 1215 1209 cum
1249 1182 1317 1209 sex
1352 1170 1586 1210 cohortibus
1620 1175 1660 1209 et

72 1230 303 1282 quingentis
336 1229 539 1280 equitibus
571 1230 777 1280 ingruenti
809 1241 882 1280 per
914 1228 1169 1281 Campaniam
1196 1229 1299 1268 bello
1327 1231 1526 1282 opposuit.
1574 1231 1659 1281 ipse

120 1332 183 1368 57.
235 1336 268 1367 4.
315 1334 494 1368 ostentare
546 1331 607 1366 ‘in
651 1331 829 1367 Aussicht

72 1379 236 1415 stellen'.

114 1433 303 1479 praeerat]
330 1432 418 1468 Erst
442 1433 539 1468 nach
567 1433 653 1468 dem
673 1433 826 1468 Abfalle

75 1481 142 1517 des
161 1480 350 1516 Admirals
368 1479 508 1516 Bassus
529 1480 604 1525 (HI,
633 1482 693 1525 12)
720 1481 827 1516 hatte

71 1531 140 1574 Ap.
175 1540 249 1564 von
275 1528 351 1563 Vit.
385 1529 458 1563 den
483 1529 616 1563 Befehl
646 1529 740 1563 fiber
765 1529 825 1563 die

73 1577 200 1612 Flotte
227 1588 271 1611 zu
290 1575 477 1611 Misenum
498 1576 679 1611 erhalten.
719 1576 826 1611 Denn

73 1624 119 1669 Π,
149 1628 217 1659 100
244 1624 338 1659 wird
364 1625 461 1659 noch
482 1624 614 1659 Bassus
634 1625 689 1658 als
711 1623 826 1659 Ober-

73 1671 339 1708 befehlshaber
353 1671 481 1706 beider
494 1671 645 1707 Fiotten
658 1670 827 1706 bezeich-

72 1722 137 1755 neb
166 1720 242 1754 und
268 1719 338 1762 ΙΙΙ,
367 1723 411 1754 77
450 1719 566 1754 heisst
597 1719 828 1764 Apollinaris

69 1768 281 1813 praefectus
306 1768 444 1803 elassis.

123 1830 155 1861 5.
203 1838 317 1872 neque
362 1830 533 1862 strenuus
569 1827 612 1861 in
649 1826 828 1872 perfidia]

74 1874 108 1910 d.
135 1873 160 1910 i.
188 1885 309 1918 neque
337 1876 508 1909 strenuus
529 1874 569 1908 in
587 1873 661 1909 fide
682 1876 830 1908 mutan-

74 1922 134 1957 da.
186 1922 272 1967 Vgl.
302 1921 375 1957 Cic.
397 1922 446 1957 ad
465 1922 543 1956 Att.
565 1921 609 1964 ΙΙ,
630 1925 687 1965 21,
708 1925 730 1955 4
756 1925 832 1955 tam

75 1980 159 2005 acer
190 1971 233 2004 in
263 1969 361 2013 ferro
387 1970 451 2013 (sc.
478 1970 643 2012 utendo).
695 1969 830 2003 Animo

80 2020 234 2052 strenuo
266 2028 339 2052 non
365 2018 444 2051 tam
471 2017 519 2051 ad
544 2017 655 2051 fidem
682 2016 830 2050 mutan-

76 2064 162 2100 dam
203 2076 295 2110 opus
333 2065 412 2106 est,
448 2075 560 2109 quam
599 2064 645 2099 ad
679 2074 830 2098 causam

78 2112 196 2148 semel
222 2112 437 2156 susceptam
463 2112 612 2147 fortiter
637 2111 829 2146 tuendam.

75 2159 217 2195 Deerat
236 2162 364 2194 autem
383 2159 613 2204 Apollinaris
634 2158 766 2194 officiis
787 2169 830 2193 ac

75 2207 294 2243 muneribus
338 2206 579 2252 imperatoris
619 2207 757 2242 acriter
797 2207 834 2241 elz

78 2256 227 2291 strenue
255 2254 514 2300 suscipiendis,
542 2254 607 2300 qui
636 2266 664 2290 c.
689 2259 732 2289 76
760 2254 834 2288 las-

78 2302 177 2338 civia
203 2301 447 2347 socordiaque
469 2303 692 2348 gladiatoris
711 2301 832 2347 magis

78 2362 190 2396 quam
216 2350 322 2385 ducis
350 2349 484 2385 similis
511 2350 657 2385 dicitur.

127 2414 158 2445 6.
177 2410 411 2453 Minturnae,
440 2409 549 2444 Stadt
569 2421 629 2444 am
643 2409 834 2444 Ausflusse

78 2457 142 2493 des
186 2455 284 2492 Liris
341 2457 409 2493 auf
461 2457 526 2492 der
576 2457 716 2492 Grenze
760 2468 836 2491 von

77 2505 228 2540 Latium
266 2505 342 2540 und
377 2504 624 2550 Campanien,
662 2505 758 2550 jetzt
795 2504 834 2538 in

75 2551 232 2588 Ruinen.

126 2610 158 2642 8.
176 2605 481 2652 Puteolanorum]
495 2604 646 2641 Puteoli
661 2616 737 2640 war
751 2605 833 2640 eine

81 2652 254 2688 Seestadt
302 2653 342 2688 in
380 2653 612 2698 Campanien
650 2653 833 2687 zwischen

81 2700 220 2736 Cumae
246 2701 323 2735 uud
347 2700 539 2746 Neapolis,
562 2700 590 2745 j.
615 2699 813 2735 Puzzuola.

128 2764 160 2796 9.
217 2761 476 2806 municipalem
539 2760 831 2806 aemulationem]

84 2807 162 2843 ‘die
182 2807 493 2842 kleinstadtische
514 2806 725 2850 Rivalitat’3
747 2820 773 2843 s,
790 2820 835 2842 zu

83 2866 111 2890 c.
132 2858 190 2898 34,
212 2859 266 2892 12.
294 2855 379 2900 Vgl.
400 2855 463 2897 IV,
487 2858 531 2889 18
552 2855 738 2900 oppidano
759 2866 834 2890 cer--

79 2903 216 2938 tamine
242 2903 406 2938 aemulus
435 2902 555 2938 Civili.

950 1333 1096 1368 miseere
1132 1333 1217 1368 ‘mit
1251 1333 1308 1368 ins
1344 1332 1447 1378 Spiel
1482 1332 1661 1368 kommen

901 1379 1053 1414 lassen’.

952 1431 1006 1462 10.
1034 1429 1135 1463 molli
1160 1429 1313 1473 imperio
1338 1439 1458 1474 reyere
1481 1427 1557 1463 ‘ein
1578 1428 1661 1463 mil-

906 1475 971 1510 des
997 1475 1201 1521 Regiment
1226 1476 1353 1511 fiben'.

957 1526 1011 1557 11.
1045 1525 1320 1567 permulcendis
1355 1523 1509 1569 animis]
1551 1535 1578 1558 s.
1618 1535 1663 1558 zu

902 1582 930 1606 ο.
959 1575 1016 1614 32,
1045 1575 1099 1605 14.

952 1622 1006 1653 12.
1065 1619 1229 1665 urbana]
1294 1619 1370 1654 vit.
1425 1618 1532 1654 hatte
1584 1618 1663 1653 vier

902 1665 1108 1701 stadtische
1135 1665 1346 1710 Kohorten,
1376 1666 1465 1712 jede
1498 1678 1542 1700 zu
1572 1670 1662 1701 1000

902 1714 1034 1757 Mann,
1074 1714 1130 1748 als
1161 1714 1436 1749 Polizeiwaehe
1470 1713 1660 1749 errichtet.

906 1761 942 1796 S.
969 1772 1012 1795 zu
1039 1761 1067 1804 Ι,
1096 1765 1152 1805 20,
1183 1766 1236 1798 12.
1290 1762 1334 1805 Π,
1363 1766 1420 1805 93,
1449 1766 1480 1797 9.

951 1809 1147 1855 Iulianus]
1182 1809 1266 1854 Vgl.
1294 1811 1386 1844 iiber
1411 1810 1477 1844 ihn
1504 1809 1599 1844 Plin.
1627 1821 1661 1843 n.

903 1855 939 1890 h.
973 1856 1164 1900 XXXVII,
1204 1861 1260 1901 11,
1293 1861 1312 1891 2
1354 1869 1376 1892 α
1412 1857 1565 1892 Iuliano
1599 1868 1662 1892 eu-

905 1908 1011 1938 rante
1043 1905 1309 1948 ylacliatorium
1341 1916 1476 1940 munus
1501 1905 1664 1940 Neronis

898 1952 1099 1996 principis,

957 2003 1011 2033 14.
1042 1999 1255 2034 Tarracina
1281 2010 1327 2034 an
1355 2000 1419 2034 der
1447 1999 1572 2044 Appia
1598 1998 1662 2034 via

905 2046 1047 2081 unweii]
1089 2047 1156 2082 der
1195 2046 1462 2092 pontinischen
1496 2047 1662 2093 Sumpfe,

905 2094 971 2127 das
999 2093 1075 2129 alte
1097 2096 1235 2138 Anxur,
1259 2095 1287 2139 j.
1310 2095 1520 2130 Terracina.
1560 2095 1664 2130 Uber

906 2141 966 2176 die
993 2141 1094 2186 Lage
1128 2142 1193 2177 der
1227 2142 1337 2177 Stadt
1367 2143 1443 2187 vgl.
1476 2143 1564 2179 Hor.
1593 2144 1662 2177 sat.

907 2190 932 2231 i,
973 2192 1004 2232 5,
1032 2194 1077 2224 26
1110 2191 1319 2235 impositum
1349 2191 1453 2225 samis
1480 2191 1551 2225 late
1576 2201 1663 2226 ean-

908 2238 1078 2272 dentibus
1103 2238 1252 2273 Anxur.

959 2289 1013 2319 15.
1047 2286 1227 2332 ipsorum]
1270 2285 1446 2320 Gemeint
1473 2285 1557 2320 sind
1590 2285 1663 2330 die,

908 2332 1051 2368 welche
1079 2333 1139 2368 die
1166 2333 1277 2368 Stadia
1302 2333 1444 2368 besetzb
1469 2333 1615 2368 hatten.

957 2381 1023 2416 58.
1054 2384 1083 2415 1.
1120 2380 1281 2426 Vitellio]
1316 2380 1390 2415 Vit.
1418 2380 1558 2415 befand
1585 2379 1664 2416 sich

908 2428 1048 2462 wieder
1080 2427 1121 2462 in
1152 2428 1247 2463 Rom
1284 2430 1328 2472 (c.
1363 2432 1426 2471 56,
1461 2429 1506 2473 9).
1563 2420 1664 2464 Uber

908 2475 981 2511 den
1006 2475 1092 2511 Dat.
1120 2488 1147 2511 s.
1180 2488 1225 2510 zu
1251 2475 1278 2519 I,
1308 2480 1362 2520 11,
1390 2480 1422 2511 8.

950 2527 1061 2568 parte
1092 2523 1297 2569 copiarum]
1331 2528 1351 2558 7
1384 2523 1595 2566 Kohorten3
1636 2536 1662 2560 S.

908 2583 952 2605 zu
980 2582 1010 2606 c.
1039 2575 1094 2614 78,
1124 2575 1177 2605 13.
1460 2585 1463 2586 ’

957 2618 1127 2662 Narnia,
1169 2618 1279 2653 stadt
1316 2618 1355 2652 in
1387 2618 1569 2653 Umbrien
1603 2630 1664 2654 am

908 2665 1004 2709 Nar,
1039 2667 1136 2701 etwa
1162 2666 1253 2700 zwei
1278 2666 1552 2710 Tagemarsche
1581 2667 1663 2701 stid-

908 2713 984 2748 lich
1002 2725 1072 2748 von
1087 2712 1273 2756 Mevania,
1288 2725 1346 2748 wo
1362 2713 1428 2747 das
1444 2713 1541 2748 Heer
1551 2725 1664 2748 zuvor

908 2760 985 2795 sich
1007 2761 1195 2795 befunden
1214 2760 1321 2795 hatte
1342 2762 1385 2806 (e.
1403 2763 1474 2805 55),
1491 2761 1518 2805 j.
1534 2760 1663 2796 Narni.

907 2807 1064 2843 Danach
1097 2809 1203 2843 hatte
1230 2808 1297 2842 das
1323 2807 1422 2843 Heer
1448 2809 1529 2843 eine
1556 2808 1662 2842 ruck-

908 2856 1074 2901 g‘angige
1100 2855 1316 2900 Bewegung
1343 2855 1409 2890 auf
1433 2855 1498 2890 der
1522 2855 1663 2890 Flami—

908 2903 1063 2938 nischen
1091 2903 1231 2939 strasse
1258 2903 1445 2948 gemacht.
