1859 3182
193 123 278 166 194

119 243 175 285 86

192 297 394 336 derentur.

721 119 883 155 TACITI
909 119 1249 155 HISTORIARUM

309 234 645 286 Intellegebantur
678 238 795 284 artes,
829 231 897 270 sed
931 243 1022 282 pars
1058 231 1240 282 obsequii
1279 233 1320 270 in
1359 244 1424 283 eo,
1463 245 1511 271 ne
1545 233 1769 284 deprehen·

458 296 509 332 ita
550 293 788 344 Lugdunum
827 295 1010 343 ventum,
1052 290 1157 329 unde
1197 291 1375 330 creditur
1413 291 1661 331 Domitianus
1702 306 1766 332 oc·

192 355 310 395 cultis
356 354 403 393 ad
443 352 635 392 Cerialem
680 352 831 390 nuntiis
877 349 993 388 fidem
1038 350 1124 388 eius
1164 351 1439 403 temptavisse,
1483 363 1531 389 an
1564 353 1768 402 praesenti

192 415 268 454 sibi
295 414 513 453 exercitum
540 412 834 463 imperiumque
861 408 1080 448 traditurus
1103 409 1214 448 foret.
1262 421 1337 461 qua
1358 411 1598 461 cogitatione
1618 410 1766 450 bellum

155 490 171 516 5
192 474 381 514 adversus
413 477 566 524 patrem
599 471 805 522 agitaverit
837 481 885 507 an
924 480 1018 520 opes
1057 469 1241 520 viresque
1282 469 1471 508 adversus
1513 469 1693 522 fratrem,
1725 471 1766 509 in

192 536 345 573 incerto
393 532 484 571 fuit:
536 543 625 569 nam
671 528 833 569 Cerialis
879 527 1028 566 salubri
1073 533 1384 579 temperamento
1431 528 1548 567 elusit
1588 535 1633 568 ut
1670 541 1767 568 vana

192 592 401 645 pueriliter
421 592 660 642 cupientem.
706 589 952 627 Domitianus
979 589 1114 638 sperni
1141 599 1161 625 a
1183 587 1408 627 senioribus
1429 588 1628 627 iuventam
1656 600 1767 628 suam

193 664 362 692 cernens
396 651 547 689 modica
582 661 739 701 quoque
773 653 812 686 et
843 652 1033 697 usurpata
1061 653 1174 685 antea
1201 648 1335 686 munia
1365 649 1524 698 imperii
1550 647 1770 700 omittebat,

194 711 459 763 simplicitatis
492 722 537 749 ac
570 709 785 748 modestiae
817 707 988 757 imagine
1015 707 1055 744 in
1083 706 1331 745 altitudinem
1359 707 1543 746 conditus
1574 707 1770 746 studium-

243 826 305 862 86.
335 830 366 862 1.
394 822 721 868 Intelleqebantur]
750 833 798 857 sc.
826 832 848 855 a
867 822 938 856 Do-

193 873 364 908 mitiano.
391 873 475 917 Vgl.
492 874 534 906 A.
556 870 684 913 X1V‚6
703 869 939 914 (Agrippina)

193 923 311 957 solum
354 920 580 955 insidiarum
622 919 819 953 remedium
869 927 941 952 csse

192 970 315 1012 sensit,
341 969 374 1004 si
399 978 474 1002 non
499 967 792 1010 intelleyerentur
813 966 849 1009 (a,
869 966 935 1009 se);

192 1017 220 1060 I,
243 1020 284 1051 11
310 1019 453 1061 patres,
480 1014 613 1059 quibus
637 1024 735 1049 unus
760 1016 884 1056 metus,
909 1013 943 1047 si

193 1065 396 1109 intelleyere
437 1063 667 1105 viderentur,
716 1061 758 1095 in
797 1063 942 1105 questus

193 1112 365 1147 lacrimas
384 1113 468 1145 vota
487 1110 648 1153 effundi,·
668 1109 713 1152 II,
729 1113 785 1143 42.
806 1107 868 1151 ΙΙΙ,
887 1112 940 1144 15.

241 1159 353 1205 artes]
384 1156 460 1192 ‘die
487 1156 636 1203 Ranke,
662 1155 869 1191 Finessen’.

237 1217 327 1252 pars
341 1205 517 1251 obsequii]
532 1204 633 1239 Uber
646 1203 705 1239 die
720 1202 943 1248 Bedeutung

198 1266 269 1290 von
300 1264 392 1299 pars
423 1265 448 1287 s.
484 1263 527 1286 zu
559 1251 629 1294 ΙΙΙ,
662 1254 719 1294 46,
755 1254 815 1292 16;
844 1251 942 1285 obse-

191 1303 318 1349 quium
329 1299 598 1346 ‘Fflgsamkeit‚
613 1298 942 1343 Willfahrigkeit’.

240 1361 284 1385 ne
318 1348 419 1384 steht
444 1347 513 1382 mit
539 1346 747 1382 Riicksicht
772 1346 839 1380 auf
870 1345 943 1380 den

191 1398 230 1432 in
256 1398 327 1432 den
348 1397 505 1431 Worten
528 1405 623 1439 pars
642 1395 684 1429 in
703 1404 742 1429 eo
762 1395 825 1437 (sc.
847 1394 941 1438 erat)

191 1445 435 1481 enthalienen
466 1442 671 1478 Gedanken
696 1443 737 1477 id
762 1443 943 1486 ayendum

192 1496 280 1528 erat.
320 1489 513 1526 Domitian
534 1490 657 1525 durfte
679 1501 716 1524 es
738 1489 816 1524 sich
837 1489 942 1524 nicht

192 1540 345 1575 merken
360 1539 496 1581 lassen,
506 1537 586 1572 dass
595 1536 765 1571 erhinter
773 1536 940 1571 Mucians

193 1586 367 1622 Sehliche
394 1585 618 1631 gekommen
645 1587 755 1619 w’zire.

240 1639 274 1670 2.
294 1632 539 1679 Luydunum]
560 1633 644 1667 Von
663 1631 744 1666 hier
765 1642 831 1665 aus
857 1631 940 1666 sind

194 1682 294 1718 wohl
319 1681 441 1724 beide,
470 1680 621 1715 Mucian
640 1679 716 1714 und
736 1678 940 1724 Domitian,

192 1727 737 1823 ttassffifflufftsififn
747 1726 941 1817 {²¹31}stssss

192 1825 279 1860 dere
321 1823 379 1858 bis
424 1823 682 1858 Beneventum
739 1824 941 1867 entgegen-

193 1872 339 1918 gereist
376 1870 540 1917 (Cassius
566 1869 637 1904 Dio
664 1869 792 1913 LXVI,
826 1873 858 1914 9,
892 1871 938 1914 3).

242 1920 418 1963 creditur]
446 1931 472 1952 s.
501 1930 544 1952 zu
572 1918 597 1961 I,
625 1921 682 1960 90,
712 1920 765 1952 10.

240 1972 272 2003 3.
307 1968 357 2002 ad
391 1965 567 2001 Cerialem
598 1965 756 2010 nuntiis]
784 1963 868 2010 Vgl.
897 1965 938 2000 A.

191 2014 288 2059 XIII,
316 2018 336 2049 9
363 2018 509 2058 uterque
530 2014 579 2048 ad
607 2012 826 2058 Voloyaesen
844 2023 939 2047 nun-

191 2063 255 2098 tiis
279 2062 472 2097 monebant
498 2062 568 2096 etc.

239 2113 413 2154 temptare
470 2107 522 2142 ‘in
560 2107 808 2151 Versuchung
857 2106 938 2140 fiih-

192 2169 268 2201 ren,
297 2156 363 2191 auf
387 2156 445 2191 die
472 2155 592 2190 Probe
619 2154 782 2189 stellen'.

242 2205 306 2250 an]
322 2204 361 2238 in
377 2201 938 2245 einfachenindirektenFrage-

195 2253 321 2287 satzen
352 2251 414 2286 bei
438 2250 525 2286 Tae.
553 2249 686 2292 ofters3
724 2260 751 2284 s.
778 2249 943 2293 Draeger

195 2300 298 2344 Synt.
345 2302 364 2341 5
411 2302 496 2342 153,
545 2301 574 2333 1.
644 2297 826 2340 Heraeus,
876 2296 941 2332 lat.

195 2347 364 2391 Schulgr.
392 2349 411 2388 5
439 2349 520 2389 215,
547 2349 578 2380 2.

236 2404 412 2440 praesens
440 2391 698 2438 ‘personlieh’.

242 2446 274 2476 4.
314 2442 522 2476 traditurus
559 2440 667 2485 foret]
708 2440 784 2473 Aus
822 2438 943 2472 dieser

193 2487 439 2533 Verbindung
453 2488 504 2522 ist
525 2486 752 2532 ersiehtlich,
773 2485 844 2520 wie
865 2496 944 2520 ver-

194 2536 375 2571 schlissen
403 2535 545 2569 damals
572 2534 631 2569 die
658 2532 943 2578 urspriingliche

193 2583 416 2627 Bedeutung
436 2592 508 2617 von
527 2583 620 2625 foret
641 2593 726 2616 war.
766 2581 815 2616 So
830 2581 944 2615 sehon

193 2630 271 2665 Liv.
301 2629 422 2673 XXII,
450 2633 511 2673 57,
540 2633 560 2664 5
586 2630 755 2673 futurum
780 2629 873 2672 foret
900 2628 942 2671 (S.

194 2677 590 2721 Fabri-Heerwagen);
613 2676 673 2720 VI,
695 2680 751 2720 42,
769 2680 810 2710 12
826 2675 944 2719 factu-

194 2736 253 2761 ros
283 2725 381 2769 fore;
418 2724 542 2768 XXV,
575 2728 639 2768 24,
671 2728 692 2759 8
725 2724 944 2769 eaepulsurus

194 2774 298 2817 foret.
350 2772 472 2808 Madv,
499 2775 518 2814 5
546 2776 613 2806 377
640 2771 747 2806 Anm.
775 2776 807 2806 2.

244 2819 478 2865 eoyitatione]
497 2830 545 2855 sc.
563 2819 747 2854 exercitus
761 2816 944 2864 potiundi.

245 2871 278 2903 5.
306 2868 446 2912 ayitare
474 2867 634 2901 ‘worauf
663 2866 869 2911 ausgehen,
906 2875 950 2899 es*

203 2915 348 2950 worauf
370 2914 545 2958 absehen,
572 2914 758 2959 anlegen'.

1064 821 1237 855 adversus
1255 821 1424 867 fratrem]
1447 821 1521 866 vgl.
1543 820 1641 856 noch
1664 821 1766 857 Suet.

1015 867 1122 902 Dom.
1156 872 1176 902 2
1213 869 1477 912 eoepeditionem
1520 870 1562 903 in
1602 868 1772 904 Galliam

1018 914 1307 961 Germaniasque
1357 927 1470 961 neque
1520 917 1767 952 neeessariam

1014 966 1048 997 et
1087 963 1385 998 dissuadentibus
1425 965 1596 1009 paternis
1640 965 1771 999 amicis

1014 1010 1219 1054 inchoavit,
1258 1014 1402 1046 tantum
1440 1015 1482 1046 ut
1517 1011 1633 1055 fratri
1668 1022 1704 1047 se
1738 1015 1772 1046 et

1015 1058 1185 1103 operibus
1222 1061 1254 1092 et
1287 1059 1501 1105 diynatione
1534 1059 1769 1103 adaequaret.

1063 1106 1104 1139 in
1147 1106 1298 1151 incerto]
1352 1117 1378 1142 s.
1425 1118 1471 1141 zu
1514 1106 1560 1150 Π,
1603 1109 1666 1150 45,
1715 1110 1771 1142 12.

1018 1153 1196 1197 Draeger‚
1224 1153 1326 1197 Synt.
1354 1157 1373 1196 5
1401 1156 1457 1197 80,
1485 1164 1518 1189 a.

1064 1203 1381 1244 temperamentum
1412 1200 1495 1235 hier
1529 1201 1769 1236 ‘Auskunfts-

1017 1246 1170 1289 mittel’3
1207 1248 1281 1293 vgl.
1311 1247 1385 1284 Cic.
1419 1248 1464 1283 de
1499 1248 1572 1294 leg.
1600 1249 1652 1283 ΙΙΙ
1679 1252 1698 1291 5
1724 1252 1773 1283 24

1016 1296 1204 1330 inventum
1236 1299 1286 1330 est
1329 1299 1665 1341 temperamentum„
1701 1306 1773 1341 quo

1018 1343 1202 1378 tenuiores
1241 1354 1323 1378 eum
1355 1344 1591 1388 principibus
1617 1344 1772 1389 aequari

1016 1400 1052 1425 se
1072 1394 1268 1434 putarunt.

1063 1443 1185 1489 elusit]
1219 1454 1269 1479 sc.
1303 1455 1409 1488 eum,
1448 1444 1557 1479 ‘hielt
1592 1443 1658 1478 ihn
1685 1454 1771 1478 aus-

1017 1491 1210 1525 weichend
1250 1491 1345 1533 hin'3
1386 1491 1461 1536 vgl.
1506 1491 1549 1526 A.
1583 1490 1688 1534 XIII,
1725 1495 1771 1526 22

1015 1538 1131 1572 Suria
1153 1538 1196 1572 P.
1212 1538 1346 1573 Anteio
1360 1539 1556 1583 destinata,
1577 1539 1639 1574 sed
1652 1540 1772 1574 variis

1013 1596 1100 1620 mooe
1107 1586 1251 1620 artibus
1259 1587 1379 1621 elusus
1389 1588 1485 1631 (est).
1515 1585 1550 1621 S.
1560 1598 1603 1621 zu
1613 1585 1641 1631 I,
1651 1590 1769 1630 26,11.

1062 1644 1158 1667 vana
1167 1644 1297 1678 cupere
1307 1633 1607 1669 ‘eitleWi'insche
1617 1634 1770 1679 hegen’.

1063 1684 1094 1715 8.
1133 1681 1207 1716 Der
1238 1680 1324 1716 Acc.
1358 1691 1387 1716 c,
1424 1681 1491 1716 Inf.
1524 1681 1586 1716 bei
1627 1692 1770 1717 eernere

1017 1728 1164 1762 kommt
1195 1727 1335 1763 einmal
1366 1728 1428 1763 bei
1455 1728 1584 1764 Cicero
1615 1740 1684 1764 vor
1709 1729 1774 1774 (de
1824 1745 1828 1750 ·
1857 1732 1859 1756 ἲ

1016 1777 1108 1810 orat.
1136 1775 1152 1808 I
1177 1779 1196 1818 ξ
1222 1779 1292 1817 37).

1063 1823 1226 1858 modicus
1273 1822 1574 1867 ‘unbedeutend,
1620 1823 1770 1869 gering·

1017 1869 1154 1915 fugig'.

1065 1922 1097 1954 9.
1123 1918 1330 1964 modestiae]
1358 1929 1385 1954 s,
1413 1929 1456 1952 zu
1482 1918 1545 1962 ΙΙΙ,
1580 1921 1636 1963 70,
1663 1922 1720 1953 22.

1061 1966 1237 2012 imayine]
1279 1966 1404 2000 ‘unter
1446 1965 1531 2000 dem
1563 1966 1768 2009 Anscbein,

1013 2015 1122 2048 unter
1148 2013 1213 2048 der
1238 2012 1399 2049 Maske'.

1061 2061 1220 2096 altitudo
1260 2060 1364 2095 ‘tiefe
1392 2059 1650 2105 Verstellung,
1682 2072 1764 2096 ver-

1013 2108 1177 2143 stecktes
1209 2108 1383 2152 Wesen’,
1423 2107 1493 2142 wie
1529 2107 1572 2142 A.
1606 2107 1674 2152 III,
1721 2112 1768 2143 44

1013 2156 1209 2191 altitudine
1239 2156 1358 2190 animi
1367 2168 1380 2197 ,·
1417 2154 1505 2190 Sall.
1539 2155 1619 2200 Iug.
1647 2158 1691 2190 95
1719 2156 1769 2190 ad

1014 2203 1228 2238 simulanda
1265 2203 1410 2247 neyotia
1443 2203 1600 2238 altitudo
1626 2203 1771 2248 ingenii

1016 2251 1244 2285 incredibilis
1264 2251 1352 2295 (von
1373 2249 1515 2294 Sulla);
1544 2249 1617 2285 Cic.
1639 2250 1685 2285 de
1707 2250 1769 2287 off.

1016 2297 1032 2331 Ι
1059 2301 1078 2340 5
1106 2301 1163 2333 88.
1215 2298 1263 2333 So
1290 2297 1498 2342 gebrauoht
1520 2296 1595 2332 Cio.
1623 2297 1671 2332 ad
1690 2298 1768 2334 Att.

1016 2344 1079 2388 IV,
1115 2349 1146 2389 6,
1175 2349 1207 2380 3.
1260 2344 1303 2389 V,
1338 2348 1392 2388 10,
1420 2349 1453 2380 3.
1505 2344 1565 2389 VI,
1595 2348 1627 2391 1,
1653 2348 1673 2379 2
1702 2344 1772 2380 das

1017 2391 1251 2438 griechisehe
1278 2391 1462 2436 βαθύτης.
1652 2398 1655 2401 “

1065 2441 1234 2475 conditus
1291 2439 1470 2485 ‘gehfillt’
1519 2439 1638 2485 (eigtl.

1689 2440 1769 2485 (ge-

1017 2488 1191 2532 borgen')
1208 2487 1354 2523 starker
1368 2487 1423 2522 als
1437 2488 1665 2532 compositus,
1689 2499 1767 2523 was

1017 2535 1103 2569 Tac.
1133 2536 1236 2570 sonst
1263 2534 1372 2570 claffir
1397 2533 1616 2579 gebraucht.

1065 2583 1228 2618 studium
1262 2609 1269 2616 .
1297 2610 1303 2616 .
1334 2610 1341 2616 .
1374 2582 1568 2628 simulans]
1620 2582 1769 2617 Ebenso

1020 2631 1104 2674 sagi:
1125 2630 1225 2665 Suet.
1249 2630 1351 2664 Dom.
1374 2633 1394 2664 2
1422 2629 1614 2664 simulavit
1641 2633 1673 2665 et
1691 2630 1769 2674 ipse

1019 2678 1109 2712 mire
1140 2678 1349 2712 modestiam
1386 2677 1628 2722 inprimisque
1646 2678 1768 2722 poeti-

1019 2735 1081 2760 cae
1111 2725 1275 2760 studium
1316 2727 1391 2759 tam
1432 2725 1613 2759 insuetum
1658 2727 1768 2759 antea

1019 2772 1111 2815 sibi,
1150 2783 1258 2817 quam
1287 2775 1416 2816 postea
1447 2774 1606 2816 spretum
1638 2774 1671 2806 et
1703 2772 1767 2807 ab·

1019 2819 1158 2854 iccium.
1211 2818 1415 2864 Giinstiger
1433 2819 1592 2854 urteilen
1614 2818 1674 2853 die
1695 2819 1768 2853 den

1020 2866 1308 2901 Flavianisohen
1328 2865 1555 2901 Hofkreisen
1574 2866 1672 2900 nahe
1694 2866 1767 2901 ste-

1019 2913 1166 2949 henden
1194 2913 1463 2949 Sehriftsteller
1496 2913 1572 2948 und
1598 2912 1768 2958 Dichter,
