1875 3214
558 90 704 126 LIBER
730 90 794 125 ΙΙΙ.
848 89 949 126 CAP.

978 93 1131 125 27—31.
1603 87 1660 129 29

84 208 190 246 inter
224 217 265 244 se
305 216 396 244 cum
436 204 635 242 sustinere
674 200 872 240 Vitelliani
910 203 1123 254 nequirent
1159 208 1198 240 et
1236 202 1459 253 superiacta
1496 199 1574 239 tela
1613 201 1663 240 de

86 265 287 305 testudine
320 263 567 315 laberentur,
607 264 732 314 ipsam
772 267 974 312 postremo
1007 261 1203 301 ballistam
1235 259 1276 300 in
1315 261 1533 300 subeuntes
1572 271 1661 311 pro-

85 325 242 378 pulere,
275 336 375 376 quae
408 329 453 362 ut
479 322 524 362 ad
551 334 742 374 praesens
776 321 934 360 disiecit
966 321 1197 374 obruitque,
1232 333 1331 373 quos
1363 320 1575 369 inciderat,
1608 321 1698 358 ita5

85 387 228 438 pinnas
260 397 305 423 ac
338 395 490 423 summa
523 382 613 421 valli
644 383 760 421 ruina
792 393 862 420 sua
896 383 1032 434 traxit,
1066 381 1184 421 simul
1210 383 1344 420 iuncta
1370 382 1495 420 turris
1515 379 1663 419 ictibus

86 457 273 485 saxorum
306 445 444 495 cessit,
483 455 560 494 qua
593 443 803 493 septimani
835 447 920 480 turn
959 443 1143 480 nituntur
1181 442 1337 492 cuneis,
1375 442 1572 480 tertianus
1605 452 1664 479 se—

87 504 253 545 curibus
280 503 501 556 gladiisque
527 507 683 553 portam
709 501 913 553 perfregit.
965 503 1138 553 primum
1165 502 1364 553 inrupisse
1392 500 1432 540 C.
1460 500 1665 539 Volusium

87 566 230 604 tertiae
262 563 429 615 legionis
461 561 630 601 militem
661 563 766 600 inter
799 573 937 600 omnes
970 567 1153 600 auctores
1181 566 1346 600 constat.
1392 562 1426 599 is
1453 562 1493 599 in
1520 560 1666 599 vallum

91 636 278 676 egressus
305 622 544 674 deturbatis,
578 623 646 674 qui
672 623 920 672 restiterant,
954 623 1194 673 conspicuus
1220 633 1341 660 manu
1368 633 1411 659 ac
1432 633 1527 659 voce
1550 626 1665 672 capta
1687 629 1721 654 10

93 690 222 724 castra
267 682 545 735 conclamavit3
591 683 715 721 ceteri
759 681 926 732 trepidis
971 683 1046 720 iam
1085 680 1303 720 Vitellianis
1345 692 1467 731 seque
1507 693 1527 719 e
1567 679 1665 719 vallo

86 742 446 810 praecipitantibus
474 754 705 794 perrupere.
751 740 974 793 completur
1007 741 1144 794 caede,
1183 746 1376 792 quantum
1402 741 1508 779 inter
1537 747 1666 779 castra

86 815 303 859 murosque
335 804 450 860 vacui
482 802 567 841 fuit.

205 864 261 902 Ac
293 874 435 902 rursus
473 874 572 901 nova
609 861 792 900 laborum
830 861 971 900 facies:
1016 861 1138 900 ardua
1172 846 1283 900 urbis
1315 861 1488 913 moenia,
1522 872 1662 899 saxeae
1682 857 1738 900 30

87 930 240 976 turres,
273 923 412 961 ferrati
437 927 644 973 portarum
671 921 824 973 obices,
857 920 1017 959 vibrans
1044 921 1121 960 tela
1148 920 1285 973 miles,
1312 921 1502 972 frequens
1523 919 1666 959 obstri-

87 989 258 1035 ctusque
294 981 515 1021 Vitellianis
546 981 728 1033 partibus
762 981 1042 1020 Cremonensis
1076 980 1264 1032 populus,
1297 993 1437 1032 magna
1469 992 1562 1031 pars
1594 979 1667 1019 lta-

84 1043 160 1083 liae
193 1048 295 1082 stato
328 1043 369 1081 in
408 1042 569 1081 eosdem
608 1041 693 1080 dies
731 1047 910 1080 mercatu
949 1048 1207 1093 congregata,
1248 1040 1351 1092 quod
1391 1039 1668 1079 defensoribus

86 1103 278 1143 auxilium
311 1101 360 1141 oh
397 1101 713 1153 multitudinem,
758 1100 1081 1153 obpugnantibus
1120 1102 1423 1139 incitamentum
1463 1099 1513 1139 ob
1553 1112 1665 1152 prae-
1689 1110 1704 1135 5

87 1163 178 1202 dam
212 1168 307 1201 erat.
354 1164 440 1213 rapi
470 1163 584 1213 ignes
605 1162 801 1200 Antonius
829 1161 1050 1212 inferrique
1078 1162 1368 1199 amoenissimis
1390 1166 1501 1199 extra
1527 1159 1670 1199 urbem

93 1223 285 1262 aedificiis
317 1221 447 1273 iubet,
488 1223 522 1260 si
560 1222 702 1260 damno
742 1233 877 1260 rerum
912 1233 1073 1260 suarum
1107 1220 1396 1260 Cremonenses
1436 1220 1483 1259 ad
1516 1226 1669 1259 mutan-

93 1283 183 1322 dam
215 1282 333 1320 fidem
366 1281 635 1320 traherentur.
680 1282 903 1332 propinqua
936 1282 1062 1319 muris
1095 1287 1197 1320 tecta
1225 1286 1263 1319 et
1290 1280 1539 1319 altitudinem
1564 1292 1670 1319 moe-

94 1343 205 1381 nium
239 1353 400 1392 egressa
433 1341 650 1380 fortissimo
686 1353 843 1392 quoque
876 1340 1046 1379 militum
1081 1340 1269 1393 complet,
1311 1340 1369 1379 illi
1400 1339 1581 1379 trabibus
1615 1346 1670 1379 te·

89 1401 273 1454 gulisque
307 1406 346 1439 et
377 1401 529 1440 facibus
563 1407 880 1452 propugnatores
914 1400 1139 1439 deturbant.

208 1461 289 1500 Iam
320 1460 496 1512 legiones
527 1462 569 1499 in
601 1460 845 1500 testudinem
879 1459 1203 1512 glomerabantur
1237 1466 1275 1498 et
1302 1459 1368 1498 alii
1394 1459 1470 1498 tela
1498 1472 1669 1511 saxaque
1686 1458 1741 1500 31

91 1612 222 1657 XXIII,
247 1616 292 1647 29
319 1612 592 1648 obstinaverant
612 1612 747 1646 animis
765 1611 846 1646 vin-

91 1671 168 1696 cere
188 1664 253 1695 aut
271 1660 389 1705 mori).
417 1660 473 1694 Im
494 1659 592 1694 Part.
613 1659 714 1695 Pass.
729 1659 847 1694 findet

95 1707 174 1743 sich
200 1709 384 1743 obstinare
409 1707 491 1742 hier
515 1705 587 1742 wie
613 1719 642 1742 c.
671 1711 715 1742 56
741 1708 845 1741 tran-

95 1754 195 1799 sitiv,
241 1756 295 1790 als
335 1755 445 1791 Verb.
489 1754 582 1791 finit.
623 1755 713 1790 aber
745 1755 845 1790 steht

95 1814 133 1838 es
147 1803 193 1846 ΙΙ,
208 1806 265 1847 84,
280 1806 300 1838 8
312 1803 538 1846 intransitiv,
554 1802 624 1838 wie
638 1803 700 1838 bei
715 1803 844 1838 Livius

92 1861 126 1885 a.
153 1862 186 1886 a.
215 1850 256 1886 O.

139 1902 172 1933 3.
187 1899 415 1945 superiacta]
433 1899 526 1934 stati:
539 1899 752 1943 superiecta,
772 1898 844 1933 wie

91 1945 137 1988 V,
159 1950 191 1989 6,
214 1950 256 1980 15
283 1946 360 1980 und
379 1946 418 1980 in
438 1946 557 1981 einem
580 1946 637 1979 Fr.
659 1957 731 1980 von
753 1945 842 1981 Sall.

89 1993 178 2029 hist.
189 1992 224 2026 Π
237 1993 299 2028 bei
314 1993 408 2028 Non.
425 2005 460 2038 p.
475 1997 554 2035 503,
569 1996 614 2028 33
631 1994 701 2036 (ed.
714 1993 843 2039 Mera.)

142 2044 174 2075 5.
202 2041 339 2087 obruit]
371 2041 496 2076 ‘anter
522 2041 600 2076 sich
626 2041 800 2086 begrub'.

139 2099 228 2134 quos
257 2089 455 2135 inciderat]
499 2089 597 2123 nach
635 2088 720 2123 dem
752 2089 843 2124 Vor-

91 2147 216 2182 gange
240 2147 314 2172 von
332 2136 444 2182 Verg.
470 2135 561 2171 Aen.
588 2137 651 2180 IX,
681 2140 746 2172 721
777 2137 846 2172 bel-

91 2185 188 2220 lator
215 2185 358 2219 animos
384 2185 471 2220 deus
495 2185 640 2220 incidit.

141 2236 172 2267 6.
205 2243 347 2268 summa
375 2233 468 2267 valli
495 2232 570 2267 edie
595 2231 845 2268 Wallkrone‘.

139 2281 254 2315 ruina
272 2291 341 2315 sua
361 2280 495 2326 transit]
516 2280 586 2315 wie
607 2280 649 2315 G.
672 2285 716 2315 36
737 2282 848 2316 tracti

89 2328 207 2363 ‘ruina
235 2327 496 2363 Cheruscorum
521 2327 623 2363 Fosi.

141 2375 286 2422 iuncta]
314 2387 363 2410 sc.
389 2375 502 2420 vallo,
530 2376 763 2421 ‘angebaut'.

142 2425 175 2458 8.
191 2423 355 2469 portam]
377 2434 424 2458 sc.
447 2423 748 2466 Bedriacensem3
770 2424 845 2470 vgl.

95 2481 126 2506 e.
155 2474 212 2515 27,
240 2475 272 2506 5.

143 2522 175 2553 9.
203 2518 383 2565 auctores]
411 2530 438 2554 s.
464 2530 509 2553 zu
533 2519 560 2563 Ι,
590 2522 621 2561 1,
648 2523 679 2553 3.

117 2569 220 2658 V10.
226 2577 358 2602 manus
385 2567 751 2611 ‘Handbewegung’,
778 2567 848 2603 wie

144 2641 254 2706 cap’ta
287 2661 428 2708 castra]
467 2655 568 2696 Uber
599 2661 671 2696 den
700 2661 787 2698 Ace
821 2675 848 2696 s.

99 2718 144 2742 zu
171 2720 201 2743 c.
223 2712 267 2744 10
287 2710 569 2755 interceptorum
588 2710 756 2745 donativi
776 2711 851 2746 cla-

95 2756 290 2791 ruitabant.

147 2807 201 2838 12.
229 2808 453 2848 quantum..
471 2805 616 2851 maciei]
645 2817 671 2840 5.
692 2804 849 2851 N'zigels·

96 2850 205 2894 bach,
225 2850 291 2886 lat
313 2851 394 2887 Stil.
422 2855 500 2894 §21
520 2852 630 2888 Anm.
653 2857 684 2888 1.
698 2853 848 2898 Berger,

97 2898 163 2934 lat.
191 2898 274 2935 Stil.
301 2902 321 2942 ἕ
348 2903 405 2944 13,
432 2903 452 2935 3
480 2900 513 2935 b.

968 1611 1032 1646 30.
1062 1615 1094 1647 1.
1119 1621 1214 1646 nova
1239 1611 1405 1646 laborum
1430 1610 1560 1657 facies]
1597 1610 1674 1645 eem

919 1670 1031 1694 nenes
1047 1659 1163 1694 Stuck
1176 1659 1337 1702 Arbeit',
1365 1660 1434 1694 wie
1447 1658 1559 1705 Verg.
1580 1660 1671 1693 Aen.

920 1706 988 1749 VI,
1024 1711 1090 1742 103
1120 1707 1171 1752 fg.
1205 1718 1279 1742 non
1311 1708 1391 1742 ulla
1424 1707 1608 1749 laborum,
1653 1717 1672 1741 o

917 1757 1040 1800 viz-90,
1090 1766 1185 1790 nova
1229 1756 1280 1790 mi
1318 1756 1432 1797 facies
1474 1756 1673 1800 inopinave

917 1804 1053 1849 suryit3
1084 1802 1166 1837 Sen.
1195 1814 1251 1848 ep.
1281 1806 1336 1838 76.

966 1855 998 1885 4.
1034 1851 1146 1895 stato]
1179 1850 1203 1884 i.
1237 1861 1268 1885 e.
1302 1851 1365 1894 qui
1398 1850 1509 1886 certis
1542 1850 1673 1885 diebus

918 1898 998 1932 fieri
1014 1898 1136 1933 debet.
1164 1898 1210 1932 So
1227 1902 1325 1933 stata
1339 1899 1537 1941 sacrificia,
1556 1902 1674 1933 statae

919 1947 1160 1980 caerimoniae
1187 1957 1219 1979 u.
1248 1957 1273 1979 5.
1302 1958 1345 1981 w.

967 1997 997 2027 6.
1050 2004 1178 2036 rapere
1232 1994 1334 2038 iynes
1387 1993 1670 2028 ‘Fenerbrande

918 2041 1059 2076 eilends
1085 2041 1239 2075 fassen’.
1271 2041 1354 2086 Vgl.
1378 2041 1457 2076 Liv.
1484 2041 1529 2085 ΙΙ,
1557 2046 1613 2085 33,
1643 2046 1672 2076 7.

969 2090 1231 2124 amoenissimis
1273 2093 1377 2124 extra
1414 2090 1538 2124 urbem
1577 2091 1675 2124 aecli-

920 2137 1031 2183 ficiis]
1054 2137 1123 2171 wie
1144 2136 1238 2171 Plin.
1262 2148 1319 2181 ep.
1340 2136 1367 2182 Ι,
1394 2142 1427 2182 3,
1456 2142 1474 2172 1
1495 2138 1675 2172 suburba-

918 2197 1008 2220 num
1023 2186 1326 2227 amoenissimum,
1340 2196 1413 2220 von
1427 2185 1673 2230 geschmaek-

919 2232 1047 2267 vollen
1072 2233 1228 2277 Bauten,
1254 2233 1361 2267 nicht
1385 2233 1482 2269 bloss
1508 2244 1582 2269 von
1610 2233 1675 2268 der

920 2279 1119 2315 reizenden
1146 2281 1260 2326 Lage.

971 2333 1000 2363 7.
1017 2328 1065 2375 si]
1085 2330 1139 2363 ‘in
1151 2328 1214 2362 der
1227 2328 1464 2374 Erwartung,
1479 2329 1526 2364 ob
1542 2329 1673 2371 etwa'3

920 2376 994 2421 vgl.
1021 2388 1065 2410 zu
1090 2376 1117 2417 Ι,
1145 2381 1201 2419 31,
1230 2381 1284 2411 10.

969 2428 1002 2459 8.
1017 2425 1125 2471 tecta]
1142 2425 1280 2458 hierim
1290 2424 1675 2469 eigentliehenWort-

921 2472 1026 2507 sinne
1052 2484 1095 2507 zu
1122 2473 1300 2513 nehmen;
1335 2473 1450 2507 daher
1476 2472 1597 2507 trabes
1622 2471 1675 2507 im

920 2519 1123 2565 folgenden
1156 2520 1211 2554 als
1247 2520 1552 2565 ‘Dachsparren'
1596 2520 1675 2555 anf-

922 2569 1104 2603 zufassen.

970 2619 1002 2650 9.
1043 2615 1200 2661 eqressa]
1246 2614 1317 2650 mit
1354 2615 1440 2650 dem
1476 2616 1564 2651 Aec.
1609 2616 1676 2650 der

922 2662 1247 2698 iiberschrittenen
1278 2662 1401 2706 Linie,
1440 2664 1508 2698 wie
1541 2663 1584 2698 A.
1630 2663 1674 2706 Π,

923 2714 969 2745 38
989 2711 1109 2755 eyredi
1127 2711 1330 2755 aliquando
1346 2712 1572 2746 relationem.
1600 2713 1674 2746 An-

924 2757 1006 2793 ders
1033 2759 1077 2793 H.
1105 2758 1167 2800 IV,
1193 2762 1252 2802 44,
1278 2762 1311 2793 8.

971 2806 1169 2849 fortissimo
1194 2806 1348 2852 quoque]
1369 2806 1452 2842 Abi.
1473 2806 1578 2841 instr.
1606 2806 1675 2841 wie

923 2865 952 2889 c.
981 2857 1036 2897 21,
1067 2858 1120 2888 13.

971 2901 1035 2937 31.
1066 2906 1095 2936 1.
1123 2901 1208 2947 aliz]
1235 2900 1257 2935 i.
1287 2911 1318 2937 e.
1345 2900 1554 2938 auxiliares,
