1859 3182
133 219 187 260 68

149 759 182 784 10

150 1054 182 1079 15

203 111 257 152 68
725 109 887 144 TACITI
914 109 1251 145 HISTORIARUM

322 221 399 259 Nec
447 222 626 272 quisqam
667 220 761 258 adeo
801 232 935 258 rerum
973 220 1232 259 humanarum
1272 222 1482 272 inmemor,
1527 233 1643 272 quem
1688 234 1767 260 non

204 286 467 319 commoveret
504 279 568 317 illa
614 279 753 330 facies,
798 278 1015 317 Romanum
1060 281 1280 330 principem
1326 285 1362 317 et
1408 280 1563 329 generis
1604 279 1766 319 humani

202 339 317 390 paulo
350 344 439 377 ante
473 338 674 376 dominum
707 337 843 376 relicta
879 338 1058 376 fortunae
1098 351 1190 377 suae
1224 338 1315 377 sede
1349 350 1419 388 per
1451 338 1657 390 populum,
1695 351 1765 390 per

203 397 341 436 urbem
374 399 483 436 exire
517 397 563 435 de
597 398 774 447 imperio.
837 396 934 435 nihil
966 397 1040 435 tale
1073 397 1269 448 viderant,
1309 396 1405 434 nihil
1438 397 1656 436 audierant.
1707 410 1767 436 re-

202 458 361 507 pentina
402 458 459 494 vis
498 456 730 494 dictatorem
770 454 976 494 Caesarem
1015 461 1283 507 oppresserat,
1330 455 1505 494 occultae
1539 455 1675 495 Gaium
1709 458 1766 495 in-

202 515 341 567 sidiae,
382 528 458 553 nox
499 521 537 553 et
576 516 754 565 ignotum
786 527 855 553 rus
894 515 1023 565 fugam
1055 514 1223 553 Neronis
1256 514 1560 566 absconderant,
1598 515 1688 554 Piso
1729 521 1767 554 et

202 574 320 612 Galba
356 579 553 625 tamquam
586 575 626 611 in
659 574 741 612 acie
781 573 981 612 cecidere:
1024 575 1064 612 in
1106 586 1174 612 sua
1208 575 1390 612 contione
1424 572 1621 626 Vitellius,
1665 575 1768 613 inter

202 645 294 672 suos
339 633 502 684 milites,
547 631 892 683 prospectantibus
937 633 1054 671 etiam
1098 633 1273 684 feminis,
1318 644 1442 683 pauca
1487 638 1525 671 et
1568 634 1770 683 praesenti

202 693 420 731 maestitiae
454 693 711 742 congruentia
744 691 910 743 locutus,
943 691 1083 730 cedere
1117 704 1158 730 se
1190 694 1298 742 pacis
1330 696 1370 730 et
1395 692 1453 730 rei
1473 691 1653 742 publicae
1681 704 1769 731 cau-

203 764 262 803 sa,
301 753 520 789 retinerent
565 756 717 789 tantum
755 751 984 789 memoriam
1024 752 1084 789 sui
1124 751 1365 801 fratremque
1405 756 1444 789 et
1484 752 1691 802 coniugem
1730 756 1767 790 et

202 812 400 849 innoxiam
445 809 661 848 liberorum
711 814 877 848 aetatem
921 803 1223 861 miserarentur,
1275 808 1391 848 simul
1441 808 1564 848 filium
1609 815 1767 860 proten-

203 869 317 921 dens,
357 869 472 907 modo
506 868 672 918 singulis
710 868 826 906 modo
859 870 1055 907 universis
1102 868 1399 920 commendans,
1440 874 1640 918 postremo
1672 868 1768 907 fletu

202 928 482 978 praepediente
517 927 725 965 adsistenti
758 927 911 966 consuli
943 924 1156 978 (Caecilius
1190 927 1363 978 Simplex
1403 923 1506 979 erat)
1546 927 1770 966 exsolutum

203 999 222 1025 a
256 987 378 1025 latere
410 987 623 1037 pugionem
657 986 763 1025 velut
789 988 851 1025 ius
877 987 987 1025 necis
1014 988 1193 1037 vitaeque
1221 987 1365 1024 civium
1398 985 1598 1025 reddebat.
1640 999 1771 1038 asper-

204 1052 320 1084 nante
360 1045 539 1097 consule,
580 1044 904 1097 reclamantibus,
951 1047 1018 1096 qui
1056 1047 1096 1083 in
1138 1046 1320 1084 contione
1360 1045 1610 1097 adstiterant,
1657 1051 1701 1084 ut
1733 1047 1774 1084 in

201 1105 296 1143 aede
331 1104 572 1143 Concordiae
605 1105 809 1155 positurus
848 1105 1017 1154 insignia
1057 1105 1214 1155 imperii
1256 1104 1496 1155 domumque
1534 1105 1668 1143 fratris
1707 1117 1774 1156 pe-

249 1276 313 1312 68.
370 1281 400 1311 1.
446 1287 547 1321 quem
590 1287 663 1311 non
709 1275 949 1322 commoveret]

204 1323 357 1358 XVarum
391 1323 511 1366 nicht,
548 1323 616 1358 wie
651 1323 703 1357 im
728 1322 951 1366 Deutschen,

205 1371 269 1405 der
290 1370 400 1415 Konj.
433 1370 581 1415 qupf.?
633 1370 798 1414 Schultz,
832 1374 850 1412 ἓ
882 1374 951 1405 375

203 1421 309 1453 Anni.
359 1422 390 1452 2.
451 1417 637 1461 Heraeus,
682 1418 746 1452 lat.
782 1417 951 1462 Schulgr.

208 1469 226 1506 ἓ
258 1469 335 1507 173,
363 1469 395 1500 4.

251 1516 284 1547 2.
310 1512 440 1558 facies]
473 1524 499 1548 s
526 1523 570 1546 zu
596 1512 641 1553 ΙΙ,
669 1515 725 1555 89,
754 1515 807 1545 11.

244 1560 453 1604 principem
480 1586 487 1592 .
509 1585 516 1591 .
541 1586 547 1593 .
576 1558 689 1603 exire]
735 1558 826 1592 Eine
862 1558 952 1592 'ahn-

204 1607 301 1641 liche
328 1606 543 1651 Epexegese
575 1606 624 1640 im
652 1605 718 1639 inf.
747 1617 773 1639 s.
794 1604 836 1639 A.
858 1605 883 1647 Ι,
906 1609 949 1639 41

201 1655 297 1699 quod
323 1657 398 1706 tam
423 1654 526 1688 triste
547 1652 702 1698 agmen?
730 1652 822 1696 (dies
843 1652 952 1687 ἎΤΟΙἛ

201 1701 298 1735 fehlt
323 1700 375 1735 im
396 1701 508 1744 Med.)
534 1701 690 1744 feminas
715 1700 886 1734 inlustres
906 1720 949 1724 —

200 1759 276 1783 non
309 1749 551 1784 centurionem
584 1748 632 1782 ad
672 1748 839 1790 tutelam,
876 1758 951 1781 non

201 1796 369 1838 militem,
408 1796 503 1829 nihil
538 1795 792 1839 imperatoriae
823 1795 951 1828 uxoris

201 1846 269 1877 aut
287 1843 403 1886 protis
418 1841 513 1886 (dies
527 1842 636 1876 Wort
655 1840 751 1875 fehlt
769 1842 820 1875 im
835 1841 947 1885 Med.)

202 1891 393 1925 comitatus
417 1890 517 1924 soliti
544 1908 587 1913 —
609 1899 757 1933 peryere
788 1889 837 1923 ad
865 1888 949 1923 Tre-

200 1948 301 1972 veros
344 1939 512 1972 externae
555 1936 649 1979 fidei.
728 1935 810 1979 Vgl.
854 1935 951 1970 noch

200 1984 385 2028 H.111,72
413 1984 452 2018 id
477 1983 700 2026 facinus
728 1983 950 2018 luctuosissi-

201 2043 299 2066 mum
336 2031 653 2074 foedissimumque
689 2030 743 2064 rei
783 2030 952 2074 publicae

797 2106 803 2112 .
837 2077 952 2111 sedem

195 2079 328 2124 populi
359 2078 522 2112 Romani
557 2076 710 2119 accidit,
739 2105 744 2110 .
823 2124 845 2166 f

841 2134 947 2158 urorc

202 2126 304 2160 Iovis
345 2125 482 2170 Optimi
522 2124 688 2159 Maximi
721 2152 729 2160 .
751 2151 757 2158 .
781 2150 788 2157 .

200 2173 413 2217 principum
439 2172 596 2207 excindi.

253 2224 284 2253 3.
312 2219 496 2264 fortunae]
525 2230 551 2253 s.
578 2217 621 2252 ’zu
646 2218 672 2260 1,
702 2221 755 2260 10,
786 2221 837 2252 14.

248 2267 343 2313 sede]
366 2267 400 2302 d.
414 2267 436 2300 i.
453 2265 611 2309 Palatio,
633 2265 701 2300 wie
716 2264 778 2308 IV,
793 2269 812 2299 2
833 2265 948 2299 sedem

204 2315 380 2350 Caesaris.

248 2366 279 2396 5.
316 2361 468 2406 Gaium]

201 2408 382 2453 Caligula.

248 2455 422 2501 insidiae]
462 2453 684 2498 ‘Auschlag.,
724 2451 946 2497 Komplott’.

202 2504 272 2538 Zur
299 2502 416 2537 Sat-he
443 2501 516 2545 vgl.
545 2502 645 2536 Suet.
672 2499 748 2534 Cal.
776 2504 819 2534 56
847 2500 923 2543 fgg.

250 2555 282 2586 6.
303 2550 383 2594 rus]
411 2549 444 2584 d.
466 2550 488 2582 i.
510 2547 602 2582 villa
621 2547 832 2582 suburbana
851 2547 948 2581 inter

204 2597 385 2632 Salariam
437 2597 474 2630 et
522 2594 797 2630 Nomentanam
848 2593 947 2627 viam

204 2645 302 2679 circa
322 2644 494 2688 quartum
515 2642 725 2677 miliarium.
753 2640 945 2686 VgLSuet.

202 2692 287 2727 Ner.
314 2695 359 2725 48
386 2691 462 2734 sgg.

253 2739 343 2774 Piso
369 2742 400 2772 et
427 2737 563 2783 Galba]
593 2748 619 2772 s,
647 2737 673 2780 Ι,
700 2739 756 2779 41,
783 2739 838 2769 43.

252 2790 281 2821 7.
309 2787 350 2820 in
375 2796 444 2820 sua
471 2784 647 2829 contione]
677 2784 709 2818 d.
737 2783 762 2818 i.
789 2793 856 2826 pro
889 2792 945 2816 ro-

205 2833 289 2867 stris
316 2833 352 2866 in
378 2832 561 2875 contione,
589 2843 699 2875 quam
725 2830 803 2875 ipse
829 2829 865 2863 in
892 2829 946 2862 f0-·

204 2892 283 2914 runi
321 2880 578 2914 advocaverat.
631 2878 712 2922 Vgl.
747 2888 775 2912 c.
806 2880 848 2911 7Ο
881 2886 946 2910 eur

518 2360 588 2394 mit
625 2359 709 2394 dem
744 2358 947 2393 Beinamen

1025 1276 1120 1311 enim
1152 1287 1169 1310 e
1199 1275 1328 1310 rostris
1364 1275 1498 1319 fratris
1534 1276 1678 1312 domum
1714 1277 1771 1312 in—

1025 1324 1215 1358 minentem
1252 1323 1333 1366 fero
1366 1327 1398 1358 et
1428 1323 1631 1358 inritandis
1661 1323 1772 1358 homi-

1025 1381 1113 1404 num
1140 1371 1256 1405 oculis
1283 1398 1312 1404 ..
1335 1396 1341 1403 .
1361 1369 1535 1415 petisset?

1075 1426 1106 1458 8.
1134 1423 1469 1468 prospectantibus]
1503 1433 1570 1468 pro
1597 1423 1771 1468 gradibus

1026 1469 1253 1514 templorum
1280 1472 1319 1505 et
1343 1470 1582 1505 basilicarum
1602 1470 1681 1506 foro
1701 1471 1770 1505 im-

1026 1516 1258 1552 minentium.

1075 1574 1105 1605 9.
1128 1570 1262 1616 cedere]
1285 1580 1332 1604 sc.
1354 1570 1506 1615 imperio
1527 1570 1584 1615 (H.
1601 1571 1644 1614 II,
1668 1575 1722 1616 77,
1739 1575 1770 1607 6.

1027 1617 1126 1652 Suet.
1154 1617 1228 1652 vit.
1260 1618 1328 1661 15).

1074 1675 1128 1704 11.
1179 1671 1411 1716 protendens]
1456 1670 1479 1707 i.
1524 1681 1555 1706 e.
1599 1671 1770 1707 manibus

1023 1717 1203 1762 porrectis
1231 1717 1440 1752 ostendens.

1017 1792 1022 1798 -
1074 1774 1128 1804 13.
1156 1771 1362 1816 adsistenti]
1394 1781 1556 1814 genauer
1582 1775 1680 1806 ware
1705 1773 1770 1817 qui

1024 1818 1216 1853 adstiterat
1242 1818 1331 1852 oder
1357 1818 1531 1853 adstanti.

1073 1870 1137 1905 Cn.
1161 1870 1340 1905 Caecilius
1359 1870 1521 1915 Simplex
1547 1881 1623 1905 war
1644 1873 1770 1906 consul

1024 1917 1196 1952 suffectus
1223 1917 1282 1952 fiir
1302 1917 1362 1952 die
1381 1917 1532 1953 Monate
1558 1918 1770 1954 November

1023 1965 1098 1999 und
1124 1964 1346 2008 December;
1372 1964 1448 2009 vgl
1473 1964 1602 2009 ΙΙ,6Ο,
1631 1969 1675 2001 14
1700 1967 1769 2002 mit

1024 2012 1088 2047 der
1114 2012 1221 2047 Anm.
1249 2011 1345 2055 zuI,
1374 2016 1430 2055 77,
1456 2015 1488 2046 8.

1070 2059 1272 2094 exsolutum
1322 2070 1345 2094 a
1395 2059 1503 2095 latere
1552 2060 1765 2107 puqionem]

1023 2106 1112 2140 Zum
1137 2105 1377 2141 Verstandnis
1398 2106 1463 2140 der
1481 2107 1767 2151 gewtihnlichen

1020 2153 1088 2186 Art
1115 2153 1185 2187 den
1213 2153 1331 2187 Dolch
1355 2165 1398 2187 zu
1418 2153 1551 2199 izi-agen
1571 2154 1766 2203 vg1.suet.

1021 2200 1127 2235 Galb
1170 2204 1210 2234 11
1256 2201 1473 2244 dependente
1511 2213 1535 2236 a
1572 2196 1768 2237 cervicibus

1015 2248 1176 2291 passione
1202 2251 1285 2281 ante
1309 2251 1446 2292 pectus.

1070 2303 1123 2335 14.
1151 2300 1335 2345 reddebat]
1372 2299 1480 2345 Impf.
1507 2301 1723 2336 conatusz‘
1729 2312 1767 2336 er

1021 2346 1147 2381 wollte
1175 2347 1366 2391 zustellen,
1387 2347 1653 2384 iiberliefern’.·
1681 2348 1765 2394 Vgl.

1023 2395 1162 2429 litteras
1182 2395 1339 2438 reddere,
1365 2395 1524 2439 =aratiam
1542 2396 1686 2440 referre,
1712 2406 1767 2431 res

1021 2445 1186 2486 repetere.
1237 2441 1405 2476 Reddere
1439 2442 1495 2476 est
1525 2442 1641 2487 ultro,
1668 2443 1766 2487 quod

1022 2489 1167 2531 debeas,
1195 2489 1293 2523 dare.
1343 2489 1428 2534 Vgl.
1450 2488 1531 2524 Sen.
1559 2499 1616 2535 ep.
1643 2492 1687 2524 81
1713 2491 1765 2526 sic

1021 2539 1112 2570 certe
1147 2536 1300 2571 solemus
1345 2536 1460 2581 loqui:
1503 2537 1564 2572 ille
1607 2537 1766 2582 qratiam

1021 2583 1176 2625 rettulit3
1208 2583 1341 2626 referre
1366 2586 1415 2618 est
1439 2583 1555 2627 ultro,
1588 2585 1683 2630 quod
1708 2585 1765 2619 dc-

1021 2630 1119 2672 beas,
1145 2631 1285 2673 afferre.

1071 2686 1124 2718 16
1153 2682 1227 2717 Der
1248 2682 1595 2729 Concordiatempel
1622 2695 1681 2719 am
1702 2684 1764 2718 cli-

1021 2740 1088 2763 vus
1122 2728 1352 2774 Capitolinus
1384 2741 1461 2765 war
1495 2731 1559 2765 das
1593 2731 1764 2776 gewohn-

1021 2775 1118 2810 liche
1147 2776 1423 2822 Sitzungslokal
1450 2777 1512 2812 des
1539 2777 1680 2814 Senats.

1067 2804 1296 2874 domumque,³
1320 2830 1466 2877 fratris]
1517 2830 1597 2867 foro
1644 2830 1763 2866 immi-

1019 2878 1168 2911 nentem
1196 2878 1239 2921 (c.
1268 2879 1336 2920 70).
