1859 3182
99 470 157 511 524

169 118 225 157 24
691 115 856 151 TACITI
881 115 1220 151 HISTORIARUM

170 241 336 280 surgens
364 227 591 266 ostenderet
624 228 728 265 acies
750 226 997 279 falleretqueg
1044 227 1111 265 sed
1138 226 1332 266 Flavianis
1359 229 1521 278 aequior
1554 240 1573 265 a
1599 233 1731 279 tergo:

170 288 262 327 hinc
296 289 462 325 maiores
495 298 687 337 equorum
720 287 976 337 virorumque
1009 285 1189 338 umbrae,
1223 291 1262 325 et
1294 287 1390 325 salso
1423 292 1467 326 ut
1498 288 1538 325 in
1566 299 1728 338 corpora

170 349 251 386 ictu
284 346 359 385 tela
391 345 562 384 hostium
596 347 694 384 citra
733 344 942 384 cadebant:
982 344 1176 384 Vitelliani
1215 346 1379 384 adverso
1417 345 1565 384 lumine
1598 346 1729 385 conlu-

171 412 305 445 centes
340 404 445 443 velut
477 417 522 443 ex
557 404 711 443 occulto
744 403 1005 443 iaculantibus
1038 406 1186 443 incauti
1219 404 1494 444 offerebantur.

288 464 412 515 Igitur
463 464 674 515 Antonius,
719 463 788 502 ubi
835 475 998 503 noscere
1041 476 1133 502 suos
1181 465 1370 515 noscique
1415 468 1586 515 poterat,
1637 464 1732 503 alios

171 524 322 575 pudore
356 530 394 562 et
426 522 600 575 probris,
633 523 776 561 multos
809 522 923 561 laude
956 528 995 561 et
1026 522 1203 575 hortatu,
1242 535 1379 562 omnes
1416 535 1484 574 spe
1510 525 1730 574 promissis-

172 596 247 634 que
280 583 518 633 accendens,
563 594 634 621 cur
668 583 977 632 resumpsissent
1015 594 1137 633 arma,
1182 582 1427 622 Pannonicas
1470 582 1644 633 legiones
1674 584 1731 621 in-

172 642 414 693 terrogabat:
465 641 552 680 illos
597 653 683 680 esse
729 653 903 692 campos,
954 643 993 679 in
1039 641 1182 692 quibus
1226 641 1383 680 abolere
1425 641 1551 680 labeni
1590 643 1733 693 prioris

136 703 431 753 5ignominiae‚
482 701 550 739 ubi
601 702 824 752 reciperare
869 700 1031 751 gloriam
1075 706 1249 751 possent.

1312 706 1394 739 tum
1444 700 1491 740 ad
1541 700 1735 740 Moesicos

173 773 388 800 conversus
420 762 621 811 principes
654 765 914 811 auctoresque
949 759 1038 797 belli
1073 759 1217 798 ciebat:
1251 760 1398 798 frustra
1430 761 1547 798 minis
1580 765 1618 798 et
1649 772 1734 798 ver-

174 821 234 859 bis
268 825 502 871 provocatos
536 819 780 869 Vitellianos,
814 821 846 857 si
879 831 1017 857 manus
1044 831 1179 857 eorum
1214 818 1428 870 oculosque
1456 831 1535 857 non
1554 819 1735 858 tolerent.

172 880 286 931 haec,
324 886 368 918 ut
401 891 578 930 quosque
615 884 853 930 accesserat3
899 877 1011 929 plura
1045 878 1102 915 ad·
1131 880 1339 929 tertianos,
1387 883 1564 916 veterum
1602 890 1739 917 recen—

174 941 351 990 tiumque
396 938 627 989 admonens,
673 943 716 976 ut
750 937 822 976 suh
868 937 915 975 M.
956 938 1124 975 Antonio
1157 937 1345 988 Parthos,
1397 936 1469 976 sub
1515 937 1737 976 Corbulone

121 1014 154 1040 10
173 999 396 1049 Armenios,
439 1010 565 1048 nuper
608 997 804 1035 Sarmatas
849 996 1104 1047 pepulissent.

1165 1008 1254 1034 mox
1293 997 1488 1035 infensius
1526 998 1737 1047 praetoria-

174 1059 252 1110 nis,
285 1053 397 1109 ‘vos',
430 1058 577 1108 inquit,
612 1053 702 1094 ‘nisi
730 1057 905 1103 vincitis,
937 1056 1095 1107 pagani,
1129 1056 1217 1106 quis
1245 1055 1343 1094 alius
1370 1057 1603 1108 imperator,
1638 1068 1737 1107 quae

174 1122 301 1156 castra
344 1115 417 1155 alia
462 1113 688 1167 excipient?
732 1115 811 1154 illic
857 1116 967 1166 signa
1007 1126 1191 1165 armaque
1232 1120 1361 1153 vestra
1395 1120 1504 1168 sunt,
1549 1119 1588 1154 et
1631 1127 1740 1154 mors

225 1246 278 1277 11.
307 1254 330 1277 a
355 1242 469 1288 tergo]
497 1233 700 1276 Ahnliches
733 1240 920 1284 ereignete

176 1291 254 1324 sich
298 1289 336 1324 in
375 1290 476 1324 einer
515 1288 694 1324 Schlacht
737 1287 922 1322 zwischen

174 1337 374 1382 Pompejus
412 1337 487 1372 und
532 1335 771 1371 Mithridates
811 1334 921 1379 (Plut.

175 1385 303 1429 Pomp.
333 1386 404 1427 32).

225 1436 278 1466 12.
299 1433 393 1474 falso
413 1432 504 1476 ictu]
539 1431 623 1465 ‘mit
649 1431 769 1465 falsch
789 1430 921 1475 geziel-

175 1482 253 1514 tem
287 1478 453 1522 Schuss'3
486 1478 561 1524 vgl.
595 1479 644 1521 ΙΙ,
680 1482 742 1522 22,
776 1482 795 1511 5
829 1480 921 1512 certo

175 1528 261 1564 ictu.

227 1579 281 1609 13.
315 1574 487 1609 adversus
522 1573 610 1608 ‘von
638 1583 726 1608 vorn
752 1571 922 1606 fallend'.

227 1626 281 1657 14.
333 1621 490 1665 incauti]
547 1620 753 1665 passivisch
806 1618 924 1653 ‘nicht

178 1669 297 1704 sicher
323 1668 506 1713 gestellt',
534 1668 567 1702 d.
596 1668 630 1702 h.
661 1666 891 1702 ‘sehutzlos’.

225 1717 349 1760 offerri
395 1715 504 1750 ‘bloss
550 1715 717 1760 gestent,
761 1714 922 1759 preisge-

177 1765 294 1809 geben
322 1763 500 1806 werden’,
527 1763 622 1797 nach
643 1761 825 1806 Analogie
850 1772 923 1796 von

178 1814 301 1856 caput,
327 1812 450 1853 vitam,
476 1821 511 1845 se
537 1811 672 1854 offerre.

227 1858 289 1894 24.
322 1863 353 1893 2.
385 1857 539 1902 pudore]
573 1858 759 1902 pragnant
793 1856 926 1890 ‘durch

180 1907 373 1951 Erregung
404 1916 475 1939 von
507 1904 801 1950 SchamgefiihP,
829 1904 863 1939 d.
889 1904 924 1938 h.

183 1954 314 1989 ‘durch
340 1953 628 1996 Beschiimung'.

229 2005 259 2035 3.
292 2000 545 2044 Pannonicas]
580 1999 745 2044 legiones
770 1998 857 2033 XIII
889 1999 928 2033 eb

181 2048 248 2083 VII
276 2047 495 2083 Galbianam
524 2047 581 2091 (II,
609 2050 666 2089 86,
696 2049 738 2088 1).

231 2101 262 2131 4,
280 2096 419 2141 prioris
433 2094 671 2139 ignominiae]
693 2093 867 2128 Gemeint
880 2092 928 2127 ist

184 2144 242 2178 die
257 2143 403 2177 friihere
419 2142 594 2176 Sehlacht
614 2141 674 2175 bei
696 2141 927 2183 Bedriacum,

183 2191 221 2225 in
254 2191 318 2225 der
349 2189 579 2224 namentlich
612 2189 672 2223 die
705 2187 928 2222 Dreizehner

184 2237 425 2283 unglu'cklich
438 2237 636 2281 gefochten
646 2236 775 2270 hatten
788 2234 846 2280 (II,
856 2236 928 2277 43).

234 2290 264 2320 5.
286 2286 404 2329 ¹(floria
428 2284 518 2324 hier,
539 2284 608 2318 wie
630 2283 751 2327 osters,
772 2293 844 2317 von
865 2282 930 2316 der

185 2332 454 2367 militar-ischen
480 2332 588 2366 Ehre.

237 2380 429 2425 Moesicos]
478 2379 644 2424 legiones
688 2376 738 2411 HI
783 2380 820 2411 et
863 2375 931 2411 VII

189 2427 430 2462 Claudianam
457 2428 494 2462 et
523 2425 616 2461 VIII.
678 2438 682 2442 ·

237 2478 267 2509 6.
279 2475 467 2518 principes
481 2477 712 2518 auctoresque
727 2471 824 2517 belli]
846 2470 930 2515 Vgl.

188 2522 233 2565 ΙΙ,
254 2525 297 2556 85
324 2523 378 2556 ita
403 2525 472 2556 tres
492 2521 671 2556 Moesicae
697 2520 849 2564 leqiones
863 2529 931 2562 per

188 2569 361 2614 epistulas
408 2569 629 2603 adliciebant
674 2566 931 2601 Pannonicum

188 2617 382 2652 exercitum
413 2620 479 2650 aut
510 2615 684 2650 abnuenti
714 2614 786 2649 vim
817 2624 931 2657 para-

190 2665 288 2699 bant.
339 2664 418 2697 Den
451 2663 598 2707 Anfang
629 2663 698 2697 mit
729 2662 813 2696 dem
845 2659 933 2694 Pro-

190 2711 467 2746 nunciamiento
502 2710 606 2745 hatte
642 2708 844 2755 eigentlich
873 2706 932 2741 die

191 2759 303 2793 dritte
330 2758 469 2803 Legion
497 2758 671 2801 gemacht
704 2755 769 2800 (ΙΙ,
796 2759 859 2799 85,
885 2756 933 2796 2).

191 2807 279 2840 Zum
309 2805 499 2840 Ausdruck
528 2804 600 2849 vgl.
629 2804 731 2839 Caes
758 2803 792 2838 b.
822 2802 862 2837 G.
890 2801 934 2843 V,

193 2857 236 2888 54
275 2864 344 2888 csse
382 2854 523 2896 aliquos
560 2856 716 2896 repertos
750 2851 936 2894 principes

191 2901 374 2944 inserendi
409 2900 507 2942 belli,
540 2899 618 2935 Liv.
646 2899 727 2941 XL,
755 2901 799 2932 50
829 2898 936 2941 prin-

995 1241 1089 1283 cipes
1145 1243 1177 1274 et
1239 1243 1401 1275 auctores
1459 1241 1741 1276 transcendendi

995 1287 1045 1321 Al
1073 1297 1115 1321 es.

1041 1298 1172 1379 gebat]
1207 1334 1266 1368 fiir
1297 1335 1363 1368 das
1397 1334 1528 1379 Komp.
1562 1335 1740 1378 excieban

995 1381 1115 1416 fiber-s.
1139 1382 1295 1416 ‘feuerte
1318 1381 1393 1424 an’,
1415 1382 1516 1427 eigtl.
1542 1380 1631 1416 ‘rief
1647 1382 1740 1418 auf’.

994 1429 1077 1471 Vgl.
1101 1439 1129 1463 c.
1154 1432 1196 1462 10
1216 1429 1359 1463 nomine
1379 1430 1494 1471 ciens;
1518 1429 1628 1473 Verg.
1648 1428 1739 1465 Aen.

994 1475 1062 1517 VI,
1086 1480 1151 1510 165
1173 1487 1253 1510 aere
1279 1477 1315 1520 (i.
1338 1487 1367 1510 e.
1388 1476 1493 1520 tuba)
1521 1477 1611 1511 ciere
1633 1477 1742 1513 viros.

1046 1527 1077 1558 8.
1104 1523 1206 1568 haec]
1235 1535 1282 1558 sc.
1311 1523 1468 1558 dicebat.
1512 1523 1596 1569 Vgl.
1625 1535 1653 1558 c.
1687 1528 1741 1569 19,

997 1574 1029 1606 4.
1053 1571 1094 1613 V,
1117 1574 1160 1604 25
1187 1571 1273 1605 haec
1296 1571 1438 1616 vulqus,
1460 1581 1625 1615 proceres
1647 1575 1743 1606 atro-

998 1619 1115 1661 ciora3
1150 1617 1213 1662 IV,
1241 1621 1284 1652 75
1311 1619 1359 1652 ad
1385 1629 1426 1653 ea
1453 1617 1606 1653 Cerialis
1632 1619 1744 1654 Civili

997 1669 1028 1700 et
1055 1665 1214 1701 Classico
1239 1666 1343 1700 nihil.
1394 1665 1517 1700 Madv.
1546 1669 1565 1708 ξ
1592 1669 1680 1710 479,
1708 1666 1742 1701 d.

996 1713 1143 1757 Berger,
1174 1713 1236 1747 lat.
1260 1712 1340 1748 Stil.
1374 1716 1393 1755 ξ
1409 1716 1464 1757 89,
1488 1719 1519 1756 1,
1539 1724 1571 1747 a.
1586 1712 1745 1758 Nipper-

996 1760 1066 1804 dey
1093 1772 1136 1794 zu
1164 1760 1208 1794 A.
1236 1759 1268 1802 Ι,
1297 1764 1329 1794 9.

1045 1812 1086 1842 ut
1111 1807 1281 1852 quosque]
1308 1820 1335 1842 s.
1362 1819 1405 1841 zu
1431 1807 1476 1851 V,
1504 1811 1559 1850 16,
1587 1811 1618 1842 6.

1047 1855 1210 1889 accedere
1258 1854 1330 1889 mit
1379 1855 1462 1889 dem
1511 1856 1597 1889 Ace.
1649 1855 1744 1890 nach

1000 1902 1084 1937 dem
1116 1902 1314 1947 Vorgange
1349 1913 1422 1937 von
1455 1902 1600 1946 Nepos,
1627 1901 1747 1937 Varro

999 1950 1075 1984 und
1109 1949 1249 1984 Sallust
1280 1950 1347 1983 hat
1379 1949 1465 1984 Tac.
1498 1950 1593 1984 noch
1625 1948 1668 1984 A.
1699 1948 1746 1993 ΙΙ,

1001 2001 1056 2033 58.
1082 1996 1161 2039 ΧΠ,
1189 2001 1244 2031 31.
1272 2000 1316 2031 33
1343 1996 1558 2041 gebraucht.

1049 2049 1080 2080 9.
1119 2045 1176 2090 ut]
1215 2044 1288 2078 Der
1326 2043 1510 2079 indirekte
1544 2044 1745 2088 Fragesatz

1002 2092 1102 2126 steht
1140 2091 1328 2136 appositiv
1366 2102 1408 2124 zu
1440 2094 1596 2126 veterum
1629 2102 1747 2126 recen-

1001 2141 1170 2183 tiumque.
1228 2137 1316 2171 Zum
1351 2137 1568 2173 Gebrauche
1602 2148 1676 2173 von
1706 2141 1749 2173 ut

1002 2198 1029 2221 S.
1044 2199 1086 2220 zu
1100 2185 1126 2229 I,
1143 2190 1197 2228 79,
1213 2189 1244 2220 9.
1279 2184 1453 2229 Draeger,
1471 2185 1572 2230 Synt.
1587 2189 1605 2227 §
1623 2189 1701 2230 153,
1716 2190 1750 2221 4.

1052 2232 1227 2278 Parthos]
1253 2230 1306 2266 im
1332 2232 1516 2277 Feldzuge
1541 2244 1614 2268 von
1641 2236 1694 2267 36·
1710 2244 1745 2267 v.

1004 2281 1086 2316 Chr.
1126 2280 1174 2314 Es
1200 2279 1301 2314 kann
1327 2280 1404 2314 also
1432 2292 1501 2314 nur
1526 2279 1585 2314 die
1609 2279 1748 2325 Legion

1004 2328 1059 2362 als
1087 2327 1212 2362 solche
1239 2327 1404 2371 gemeint
1429 2327 1518 2362 sein.

1055 2379 1108 2409 10.
1141 2375 1349 2419 Armenios]
1381 2376 1489 2409 unter
1521 2375 1585 2409 der
1616 2373 1749 2419 Regie-

1005 2435 1099 2467 rung
1132 2423 1259 2457 Neros.
1310 2422 1394 2467 Vgl.
1421 2420 1464 2456 A.
1492 2421 1571 2465 XV,
1599 2425 1654 2456 26.

1053 2470 1260 2515 Sarmatas]
1288 2468 1462 2504 Gemeint
1486 2468 1568 2503 sind
1594 2467 1655 2503 die
1675 2479 1750 2503 sar-

1005 2517 1211 2552 matischen
1228 2517 1436 2551 ltoxolaner
1449 2516 1487 2550 in
1496 2515 1650 2550 Mosien.
1666 2515 1750 2560 Vgl.

1023 2593 1030 2608 ’
1053 2612 1249 2658 infensius]
1275 2612 1327 2646 ‘in
1348 2611 1442 2646 noch
1463 2610 1567 2645 mehr
1582 2609 1752 2645 811111181-

1006 2660 1082 2693 tem
1090 2659 1247 2703 ‘l'one,in
1263 2657 1752 2703 steigenderErbitterung'.

1058 2712 1072 2740 1
1081 2706 1273 2752 Lpayani]
1284 2703 1751 2749 ‘Bauern‚Spiefsb1'irger';

977 2794 980 2795 .
1008 2754 1080 2798 vgl.
1109 2766 1151 2788 zu
1178 2754 1203 2796 I,
1232 2758 1287 2795 53,
1317 2757 1369 2787 13.

1059 2805 1111 2835 12.
1150 2802 1258 2845 siqua
1293 2799 1480 2845 armaque]
1527 2798 1609 2842 Vgl.
1636 2797 1680 2840 ΙΙ,
1708 2801 1751 2832 67

1009 2849 1135 2883 addito
1161 2849 1326 2883 honestae
1351 2847 1533 2882 missionis
1563 2845 1753 2880 lenimento

1010 2907 1113 2930 arma
1139 2896 1187 2930 acl
1213 2896 1378 2930 tribunos
1402 2905 1485 2929 suos
1509 2892 1724 2935 deferebant.
