1859 3182
642 682 1006 737 CORNELII
1044 680 1303 734 TAOITI

529 812 1404 879 HISTORIARUM

839 958 1102 1002 LIBERV.

148 1152 169 1192 1
307 1150 495 1189 Eiusdem
535 1150 626 1187 anni
665 1148 860 1199 principio
898 1146 1041 1185 Caesar
1083 1145 1215 1196 Titus,
1259 1144 1549 1195 perdomandae
1591 1144 1758 1184 Iudaeae

189 1211 366 1250 delectus
400 1222 419 1248 a
452 1214 563 1261 patre
598 1213 637 1246 et
668 1208 832 1258 privatis
864 1207 1076 1256 utriusque
1108 1203 1230 1243 rebus
1256 1203 1394 1242 militia
1427 1203 1580 1256 clarus,
1611 1205 1760 1244 maiore

188 1277 273 1309 tum
312 1271 349 1308 vi
388 1269 569 1320 famaque
615 1265 770 1319 agebat,
816 1263 1061 1304 certantibus
1099 1264 1394 1315 provinciarum
1433 1268 1472 1301 et
1513 1265 1761 1303 exercituum

189 1329 342 1369 studiis.

406 1333 524 1380 atque
563 1328 666 1379 ipse,
711 1331 756 1365 ut
795 1337 915 1376 super
955 1324 1154 1362 fortunam
1199 1322 1452 1375 crederetur,
1497 1322 1686 1362 decorum
1719 1335 1761 1362 se

154 1397 170 1423 5
189 1394 498 1441 promptumque
524 1388 566 1425 in
593 1387 712 1425 armis
740 1383 984 1435 ostendebat,
1018 1384 1201 1422 comitate
1229 1387 1268 1421 et
1295 1381 1490 1433 adloquiis
1516 1382 1645 1421 officia
1671 1394 1760 1434 pro-

186 1460 332 1487 vocans
370 1460 414 1486 ac
451 1446 687 1498 plerumque
719 1446 761 1483 in
794 1456 932 1496 opere,
973 1444 1013 1481 in
1053 1443 1207 1493 agmine
1247 1443 1428 1492 gregario
1467 1441 1585 1480 militi
1615 1443 1763 1481 mixtus

188 1509 422 1557 incorrupto
456 1506 570 1544 ducis
596 1505 758 1543 honore.
811 1509 893 1542 tres
927 1514 1017 1541 eum
1050 1504 1087 1539 in
1128 1500 1269 1539 Iudaea
1311 1500 1505 1553 legiones,
1549 1501 1685 1551 quinta
1725 1506 1764 1540 et

189 1566 355 1605 decuma
383 1570 422 1604 et
449 1566 586 1616 quinta
618 1564 794 1615 decuma,
822 1567 934 1600 vetus
955 1560 1187 1611 Vespasiani
1212 1559 1338 1612 miles,
1365 1571 1571 1612 excepere.
1615 1559 1765 1599 addidit

191 1638 211 1664 e
259 1625 374 1664 Suria
426 1624 712 1663 duodecumam
758 1627 797 1660 et
828 1621 1027 1670 ,adductos
1072 1619 1308 1658 Alexandria
1353 1618 1764 1659 duoetvicensimanos

135 1686 479 1736 1otertianosque3
527 1681 817 1722 comitabantur
855 1681 995 1732 viginti
1035 1680 1163 1718 sociae
1203 1678 1405 1731 cohortes,
1451 1683 1539 1717 octo
1584 1680 1764 1731 equitum

235 1812 291 1845 Im
324 1810 471 1845 fiinften
498 1808 626 1843 Buche
659 1807 752 1842 wird
779 1806 838 1841 die
866 1805 933 1841 Ge-

189 1858 358 1893 schichte
385 1857 449 1892 des
477 1856 510 1892 J,
539 1860 583 1891 70
610 1868 643 1891 n.
672 1854 755 1889 Chr.
784 1855 844 1899 (=
866 1856 934 1888 823

191 1906 225 1939 d.
254 1905 321 1950 St.)
348 1905 576 1949 fortgesetzt.

239 1953 276 1988 1.
306 1957 336 1986 1.
366 1951 517 1998 Caesar]
547 1964 572 1985 s.
601 1961 644 1984 zu
670 1949 733 1991 ΠΙ,
761 1953 818 1993 86,
848 1953 901 1984 15.

231 2000 506 2045 perdomandae
532 1997 712 2043 Iudaeae]
739 1997 813 2041 vgl.
841 1996 886 2038 Π,
915 1999 937 2029 4

186 2048 449 2093 profliyaverat
481 2047 611 2081 Bellum
639 2045 840 2079 Iudaicum
873 2043 934 2078 Ve

189 2096 404 2140 spasianus,
431 2094 702 2138 obpuynati'one
727 2091 936 2136 Hierosoly

189 2153 329 2177 morum
348 2142 503 2186 reliqua,
523 2142 616 2176 duro
636 2140 753 2183 maqis
775 2142 806 2173 et
821 2139 938 2174 arduo

189 2200 295 2234 opere
320 2190 363 2224 ob
389 2189 579 2233 inqenium
604 2187 738 2222 montis
763 2190 795 2221 et
818 2187 937 2230 pervi-

191 2237 332 2272 caciam
374 2236 664 2280 superstitionis,
715 2244 825 2278 quam
869 2243 939 2277 quo

191 2286 283 2319 satis
313 2284 449 2318 virium
482 2283 630 2318 obsessis
656 2282 706 2316 ad
730 2281 939 2316 tolerandas

191 2332 416 2366 necessitates
441 2333 657 2375 superesset;
688 2328 751 2372 IV,
778 2331 821 2362 51
848 2328 938 2362 vali-

192 2379 379 2413 dissimam
399 2379 579 2413 exercitus
593 2379 738 2421 partem
760 2375 842 2410 Tito
862 2378 937 2410 tra-

191 2426 247 2461 dit
279 2427 327 2461 ad
357 2426 499 2470 reliqua
525 2424 679 2460 Iudaici
705 2423 788 2458 belli
811 2432 936 2467 perpe-

191 2473 339 2508 tranda.

240 2524 271 2554 2.
308 2519 468 2564 privatis
503 2519 693 2562 utriusque
722 2516 846 2562 rebus]
884 2516 936 2550 im

193 2566 402 2611 Gegensahz
428 2578 491 2600 zur
516 2566 670 2609 fortuna
692 2564 938 2609 principalis,-

193 2614 267 2659 vgl.
294 2613 354 2657 111,
377 2617 419 2648 65
448 2613 609 2648 Flavius
635 2613 798 2648 Sabinus
823 2614 938 2647 aetate

188 2662 298 2706 prior
319 2662 480 2705 privatis
505 2661 694 2705 utriusque
718 2660 825 2694 rebus
856 2669 941 2694 auc-

194 2709 343 2744 toritate
386 2709 617 2753 pecuniaque
674 2707 942 2752 Vespasianum

195 2757 369 2791 anteibat.

241 2803 378 2838 militia
410 2802 547 2848 clarus]
593 2801 642 2836 Er
680 2802 786 2836 hatte
822 2801 943 2835 zuerst

195 2850 250 2885 als
271 2850 540 2885 Militartribun
562 2850 601 2884 in
622 2848 847 2884 Germanien
868 2847 942 2882 und
960 2884 964 2887 Α

196 2897 427 2943 Britannien,
449 2898 574 2942 spater
590 2897 684 2932 nach
699 2896 764 2931 der
779 2895 941 2938 Questur

1010 1805 1065 1839 als
1092 1803 1528 1849 Legionskommandeur
1553 1804 1593 1838 in
1619 1804 1766 1840 Judaea

1010 1852 1080 1886 mit
1105 1851 1394 1897 Auszeichnung
1420 1851 1582 1897 gedient.

1058 1904 1090 1934 3.
1117 1900 1172 1934 vis
1201 1898 1516 1935 ‘Wirksamkeit’.

1059 1957 1089 1987 4.
1118 1952 1323 1998 fortunam]
1370 1952 1471 1987 seine
1500 1952 1674 1998 Stellung
1710 1951 1764 1987 als

1012 1999 1126 2035 cesar
1158 2000 1235 2035 und
1260 2000 1449 2035 Fefflherr.
1485 2020 1528 2024 —
1560 1990 1661 2034 Uber
1701 1999 1761 2034 die

1010 2047 1245 2092 personliche
1263 2046 1535 2082 Konstruktion
1563 2058 1636 2082 von
1663 2047 1762 2083 credi

1013 2107 1040 2129 s.
1067 2108 1111 2130 zu
1136 2095 1164 2139 I,
1192 2099 1249 2139 90,
1278 2098 1331 2130 10.
1472 2101 1486 2110 ’

1059 2149 1209 2184 decorus
1238 2148 1436 2192 ‘statfflioh‚
1461 2147 1676 2193 glanzend'.

1061 2205 1091 2236 5.
1119 2202 1161 2236 in
1187 2201 1316 2247 armis]
1347 2201 1418 2236 ‘als
1444 2199 1721 2246 Kriegsmann’.

1061 2254 1226 2289 comitate
1246 2257 1278 2289 et
1299 2253 1496 2299 adloquiis]
1521 2253 1653 2288 ‘durch
1666 2253 1765 2288 leut-

1014 2301 1129 2345 selige
1156 2301 1430 2345 Ansprachen'.

1059 2349 1185 2391 officia
1212 2347 1642 2383 ‘Dienstbeflissenheit’.

1017 2439 1024 2446 ⁸
1060 2406 1089 2436 6.
1124 2403 1166 2436 in
1194 2402 1314 2447 opere]
1353 2402 1375 2436 i.
1411 2412 1441 2436 e.
1478 2401 1517 2435 in
1548 2400 1764 2436 muniendo.

1011 2439 1111 2484 Uber
1136 2449 1203 2484 das
1223 2448 1442 2493 Asyndeton
1461 2448 1759 2483 enumerabivum

1012 2508 1039 2530 s.
1068 2508 1111 2530 zu
1137 2496 1199 2540 IV,
1228 2500 1285 2539 42,
1313 2500 1370 2532 26.

1061 2554 1091 2586 7.
1143 2549 1379 2596 incorrupto]

1012 2597 1178 2632 stellen’.

1062 2649 1157 2680 tres.
1182 2672 1189 2679 .
1212 2674 1218 2680 .
1239 2644 1411 2690 Zeyiones]
1439 2655 1467 2680 S.
1495 2655 1540 2678 zu
1566 2643 1593 2688 I,
1621 2647 1678 2688 10,
1707 2647 1762 2680 11.

1063 2702 1095 2733 8.
1126 2697 1275 2733 addidit
1301 2708 1319 2732 e
1338 2696 1466 2741 Suria]
1488 2697 1524 2742 εξ
1544 2708 1587 2731 zu
1607 2697 1635 2741 Ι,
1657 2700 1711 2740 10,
1735 2700 1765 2731 1.

1064 2755 1097 2786 9.
1143 2751 1513 2786 duoetvicensimanos
1570 2750 1657 2794 etc]
1716 2748 1766 2783 Es

1015 2809 1141 2832 waren
1155 2802 1248 2833 2000
1262 2797 1481 2834 Vexillaren
1496 2796 1563 2832 der
1573 2797 1646 2841 leg.
1662 2795 1766 2831 XXII

1015 2845 1258 2881 Deiotariana
1282 2845 1359 2880 und
1386 2845 1451 2879 der
1477 2843 1549 2887 leg.
1576 2843 1628 2878 III
1655 2842 1764 2889 Cyre-

1016 2893 1127 2929 naica
1154 2892 1316 2938 (Ioseph.
1344 2892 1380 2927 b.
1407 2891 1486 2926 Iud.
1513 2891 1558 2936 V,
1587 2895 1618 2935 1,
1646 2893 1692 2936 6).

1442 2548 1553 2584 ‘ohne
1606 2548 1766 2584 blosszu—
