1859 3182
170 685 186 709 C*

162 792 187 832 00

203 93 257 134 76

730 91 891 126 TACITI
916 89 1253 126 HISTORIARUM

205 204 443 255 Tarquinius
490 202 695 253 Superbus
742 207 854 253 capta
900 201 1045 240 Suessa
1089 201 1264 239 Pometia
1309 199 1483 238 hostium
1527 199 1663 251 spoliis
1708 213 1771 239 ex—

202 270 375 302 truxere.

440 261 509 300 sed
549 261 672 312 gloria
708 263 870 310 patrati
912 261 1043 312 operis
1082 260 1255 298 libertati
1293 264 1510 297 reservata:
1548 258 1674 309 pulsis
1711 272 1772 298 re-

203 322 317 373 gibus
350 320 538 359 Horatius
575 319 764 358 Pulvillus
803 321 949 358 iterum
989 319 1127 358 consul
1159 318 1353 356 dedicavit
1395 329 1439 356 ea
1470 318 1773 371 magnificentia,

205 445 407 490 augerent.

168 391 183 415 5
206 393 321 431 quam
356 381 557 418 inmensae
590 384 727 430 postea
759 378 895 430 populi
926 378 1091 417 Romani
1130 389 1224 429 opes
1265 381 1454 415 ornarent
1484 377 1617 427 potius
1657 389 1773 428 quam

470 438 595 477 isdem
633 450 775 476 rursus
814 439 990 488 vestigiis
1030 439 1149 476 situm
1188 441 1266 488 est,
1311 440 1520 486 postquam
1564 437 1773 475 interiecto

204 498 585 549 quadringentorum
625 496 853 548 quindecim
891 508 1082 535 annorum
1123 496 1247 546 spatio
1287 494 1328 533 L.
1370 494 1554 545 Scipione
1597 494 1637 533 C.
1676 494 1772 533 Nor-

205 557 306 596 bano
351 555 582 596 consulibus
627 556 872 607 flagraverat.

935 568 1070 594 curam
1115 556 1241 593 victor
1281 553 1387 592 Sulla
1427 554 1603 604 suscepit
1646 566 1776 605 neque

205 623 336 655 tamen
370 616 584 654 dedicavit:
622 615 697 653 hoc
737 614 862 653 solum
896 614 1074 653 felicitati
1106 614 1192 652 eius
1225 618 1421 663 negatum.
1472 612 1619 651 Lutatii
1651 612 1777 651 Catuli

203 739 299 773 tunc
332 734 448 772 aedes
482 732 743 772 cremabatur.

153 687 166 709 2
207 687 351 714 nomen
384 676 488 713 inter
520 679 628 712 tanta
661 674 873 712 Caesarum
906 686 1025 725 opera
1059 684 1185 723 usque
1218 671 1265 710 ad
1296 671 1495 710 Vitellium
1527 673 1681 710 mansit.
1733 684 1777 710 ea

323 793 400 831 Sed
433 792 522 843 plus
562 793 718 843 pavoris
752 791 926 830 obsessis
960 803 1076 842 quam
1099 786 1394 828 'obsessoribus
1434 788 1579 828 intulit.
1629 790 1775 840 quippe

203 851 434 891 Vitellianus
467 850 579 889 miles
606 863 735 902 neque
763 855 850 889 astu
877 862 1006 901 neque
1033 850 1254 888 constantia
1280 850 1385 887 inter
1411 847 1531 887 dubia
1556 848 1773 899 indigebat:

206 923 253 949 ex
286 911 441 949 diverso
477 909 622 960 trepidi
653 909 817 962 milites,
863 909 941 948 dux
981 910 1112 960 segnis
1146 914 1185 947 et
1223 907 1331 946 velut
1370 913 1509 958 captus
1542 908 1662 946 animi
1698 919 1777 946 non

205 970 352 1022 lingua,
386 982 464 1008 non
497 968 661 1008 auribus
695 974 932 1020 competere,
966 980 1095 1019 neque
1129 967 1267 1005 alienis
1301 966 1477 1005 consiliis
1508 968 1612 1019 regi,
1649 978 1778 1017 neque

169 1038 183 1063 5
205 1041 275 1067 sua
309 1028 514 1080 expedire,
545 1027 623 1067 huc
657 1027 750 1066 illuc
784 1027 1022 1066 clamoribus
1050 1027 1224 1065 hostium
1251 1027 1485 1077 circumagi,
1518 1037 1618 1076 quae
1650 1027 1773 1064 iusse-

253 1170 308 1202 12.
350 1166 484 1201 Suessa
518 1166 703 1209 Pometia,
737 1164 846 1200 stadt
883 1164 948 1198 der

206 1214 377 1257 Volsker,
404 1214 469 1257 lag
493 1213 532 1247 in
558 1212 719 1248 Latium.

251 1261 456 1306 eoetruscere]
482 1260 647 1294 ‘fiihrten
668 1260 740 1294 den
761 1259 840 1293 Bau
862 1258 954 1293 auf'.

254 1312 307 1343 13.
321 1309 442 1353 (floria
455 1308 601 1352 patrati
617 1306 749 1352 operis]
768 1306 850 1350 Vgl.
866 1316 895 1340 c.
913 1309 957 1341 64

205 1356 365 1401 qratiam
385 1355 533 1399 patrati
552 1355 636 1389 belli
649 1364 761 1399 penes
781 1364 874 1398 eum,
894 1353 958 1398 qui

205 1404 329 1438 urbem
349 1405 571 1446 occupasset3
592 1401 654 1445 IV,
675 1405 719 1436 81
739 1401 882 1445 patrati
901 1411 956 1435 re-

206 1450 314 1485 medii
337 1450 492 1493 gloriam
515 1459 622 1492 penes
644 1448 831 1484 Caesarem
856 1448 952 1491 fore,-

205 1496 302 1532 Vell.
330 1496 375 1538 11,
403 1500 446 1531 30
474 1496 557 1531 belli
576 1496 723 1540 patrati
747 1495 878 1540 ⁸qloria.

256 1548 308 1578 14.
337 1544 520 1578 Horatius
546 1542 745 1587 Pulvillus]
774 1546 843 1576 247
864 1553 896 1576 a.
918 1554 952 1576 u.

206 1602 236 1626 c.
252 1608 296 1620 =
312 1594 379 1626 507
401 1602 434 1626 v.
451 1590 533 1625 Chr.
555 1590 651 1624 nach
671 1589 829 1633 Dionys:
838 1588 882 1631 V,
897 1591 954 1633 35,

205 1638 384 1673 wtthrend
410 1637 538 1682 Polyb.
565 1637 644 1672 Liv.
666 1636 762 1672 Plut.
786 1636 846 1671 die
866 1636 955 1670 Ein-

206 1686 382 1727 weihung
427 1689 446 1719 2
487 1684 600 1719 Jahre
638 1684 766 1719 friiher
802 1683 841 1718 in
878 1683 956 1718 sein

208 1735 324 1768 erstes
350 1732 535 1767 Konsulat
559 1732 744 1776 verlegen.

256 1784 310 1815 15.
331 1790 464 1815 ornare
486 1778 777 1823 ‘verschonern’‚
793 1776 862 1812 wie
879 1777 954 1813 Cic.

207 1838 281 1862 acc.
309 1826 347 1861 in
376 1827 478 1861 Vei-r.
506 1826 555 1861 IV
584 1830 603 1868 ξ
629 1829 684 1860 68.

257 1878 309 1909 16.
330 1874 456 1919 situm]
479 1873 517 1908 in
539 1873 603 1908 der
619 1873 719 1908 wohl
732 1872 793 1907 bei
808 1872 957 1907 keinem

208 1922 349 1957 andern
372 1921 491 1955 Autor
517 1921 611 1955 noch
640 1919 957 1955 vorkommenden

207 1969 428 2013 Bedeutung
439 1968 642 2012 ‘angelegt‚
653 1967 860 2003 errichtet’.
871 1966 955 2010 Vgl.

206 2016 269 2060 IV,
297 2020 340 2050 22
376 2014 546 2059 (vallum)
580 2015 723 2049 diiabus
758 2015 960 2059 leyionibus

205 2065 334 2105 situm3
361 2063 403 2097 A.
433 2063 478 2106 ΙΙ,
501 2066 519 2097 7
548 2073 652 2097 aram
678 2062 803 2096 Druso
831 2063 957 2103 sitam3

206 2110 269 2153 ΙΙΙ,
285 2114 329 2145 38
350 2110 473 2145 urbem
500 2136 507 2143 .
526 2137 555 2145 ..
577 2120 601 2143 a
629 2109 805 2153 Philippo
829 2110 956 2151 sitam,

206 2158 275 2202 Vl,
321 2161 364 2191 41
410 2157 516 2192 urbes
557 2156 825 2191 Macedonibus
856 2156 957 2190 sitae.

210 2205 258 2240 So
285 2204 399 2239 heisst
424 2216 498 2238 nun
522 2214 650 2238 rursus
669 2205 780 2238 situm
803 2203 958 2237 ‘wieder

208 2251 443 2296 ausgebaut'.
493 2250 578 2296 Vgl.
606 2249 822 2295 Nipperdey
848 2262 893 2284 zu
913 2249 955 2284 A.

207 2300 235 2344 I,
262 2303 318 2334 39.

257 2350 312 2381 17.
349 2346 701 2391 quadringentorum
735 2343 955 2389 quindecim]

208 2396 262 2428 Im
284 2392 453 2437 Original
479 2393 545 2427 hat
565 2391 876 2426 wahrscheinlich
898 2389 958 2425 die

208 2439 370 2484 richtige
398 2440 489 2474 Zahl
517 2438 739 2479 CCCCXXV
765 2438 804 2473 in
824 2437 959 2472 Ziffcrn

209 2487 428 2532 gestanden.

260 2538 313 2569 18.
336 2534 477 2580 curam]
509 2544 557 2568 sc.
580 2533 712 2578 operis.
751 2532 845 2567 Plin.
866 2544 900 2566 n.
922 2532 959 2566 h.

208 2581 381 2625 XXXVI,
414 2586 476 2624 25,
511 2585 553 2616 61
587 2583 640 2616 sic
672 2584 722 2616 est
753 2581 961 2615 inchoatum

209 2629 364 2663 Athenis
390 2629 560 2672 templum
585 2628 686 2663 Iovis
713 2627 892 2672 Olympii,
919 2637 963 2661 em

209 2686 279 2721 quo
313 2675 422 2710 Sulla
457 2675 676 2720 Capitolinis
708 2674 858 2710 aedibus
896 2674 962 2708 ad-

210 2726 358 2758 reaeerat
384 2723 584 2757 columnas.
634 2722 730 2757 Plut.
754 2721 894 2756 Public.
918 2724 960 2755 15

209 2768 277 2805 τὸν
298 2768 338 2805 δὲ
361 2766 539 2814 δεύτερον
566 2766 746 2813 ἀνέστησε
773 2766 842 2813 μὲν
868 2766 962 2802 Σύλ-

212 2820 294 2859 λας,
334 2814 532 2861 ἐπεγράφη
572 2817 613 2852 δὲ
654 2817 696 2862 τῇ
732 2814 973 2858 καθιερώσει,>

211 2862 404 2904 Κάτουλος
442 2862 570 2898 Σύλλα
609 2860 960 2907 προαποθανόντος.

1079 1167 1134 1198 19.
1168 1163 1339 1207 felicitati
1364 1163 1442 1198 eius
1465 1163 1654 1209 neyatum]
1681 1163 1778 1198 nach

1031 1211 1153 1246 Sullas
1186 1210 1357 1255 eigenem
1388 1210 1642 1255 Ausspruche3
1682 1210 1777 1244 Plin.

1029 1269 1065 1293 n.
1092 1258 1126 1292 h.
1155 1256 1240 1302 VII,
1267 1261 1312 1292 43
1344 1258 1408 1292 Ιιοο
1432 1261 1552 1293 tamen
1578 1267 1702 1302 nempe
1727 1258 1780 1301 fe-

1031 1305 1165 1341 licitati
1197 1315 1284 1339 suae
1316 1305 1474 1348 defuisse
1505 1305 1688 1348 confessus
1718 1308 1780 1348 est,

1030 1353 1126 1398 quod
1163 1351 1385 1396 Capitolium
1421 1363 1497 1387 non
1533 1352 1780 1387 dedicavisset.

1079 1399 1256 1434 Lutatius
1284 1398 1450 1441 Catulus,
1478 1398 1578 1434 Sohn
1599 1399 1664 1434 des
1685 1398 1781 1434 Cim-

1025 1446 1323 1491 bernbesiegers,
1348 1446 1414 1481 das
1435 1446 1564 1491 Haupt
1584 1446 1650 1481 der
1676 1446 1781 1491 Opti-

1026 1492 1288 1538 matenpartei,
1312 1493 1447 1528 erhielt
1466 1505 1540 1529 von
1558 1493 1681 1529 dieser
1694 1493 1780 1528 Ein-

1028 1541 1203 1586 weihung
1224 1542 1283 1586 (69
1305 1553 1338 1576 v.
1362 1539 1467 1585 Chr.)
1488 1541 1560 1576 den
1579 1540 1781 1576 Beinamen

1031 1587 1278 1632 Capitolinus.

1077 1639 1133 1670 20.
1176 1634 1374 1670 Caesarum
1413 1635 1541 1681 opera]
1591 1635 1780 1680 Augustus

1031 1684 1115 1727 sagi:
1149 1693 1221 1717 von
1261 1682 1341 1717 sich
1380 1682 1498 1717 selbst
1534 1682 1585 1717 im
1617 1682 1780 1718 Monum.

1028 1731 1181 1774 Ancyr.:
1230 1729 1452 1773 Capitolium
1496 1732 1529 1764 et
1569 1729 1783 1774 Pompeium

1028 1777 1227 1820 theatrum,
1265 1780 1458 1821 utrumque
1495 1787 1586 1821 opus
1618 1777 1783 1821 impensa

1028 1825 1171 1878 yrandi.
1192 1823 1298 1878 refeci
1323 1824 1401 1859 sine
1433 1824 1512 1859 ulla
1542 1824 1782 1869 inscriptione

1030 1881 1190 1906 nominis
1215 1882 1292 1906 mei.

1021 1931 1026 1935 *
1080 1918 1142 1953 73.
1176 1921 1207 1952 3.
1235 1929 1279 1954 ex
1304 1917 1461 1963 diverso]
1497 1930 1524 1953 s.
1552 1930 1598 1952 zu
1624 1930 1643 1953 0
1682 1922 1721 1961 5,
1750 1922 1780 1954 7.

1078 1969 1208 2010 captus
1243 1965 1377 2011 animi]
1416 1964 1487 2000 wie
1519 1964 1599 2001 Liv.
1633 1964 1700 2009 VI,
1734 1969 1779 2000 36

1033 2014 1133 2058 capti
1159 2016 1191 2048 et
1215 2016 1398 2058 stupentes
1417 2013 1546 2055 animi,
1566 2012 1664 2047 nach
1683 2015 1780 2047 Ana—

1033 2061 1132 2105 logie
1159 2071 1230 2095 von
1251 2063 1446 2105 promptus
1471 2060 1589 2095 animi
1613 2059 1682 2104 (II,
1708 2061 1781 2105 23),

1032 2108 1238 2142 inmodicus
1270 2108 1388 2142 animi
1419 2107 1466 2151 (I,
1493 2109 1570 2152 53),
1610 2108 1782 2142 turbidus

1033 2155 1150 2190 animi
1157 2153 1231 2198 (IV,
1241 2157 1313 2197 48),
1323 2155 1487 2189 diversus
1496 2155 1615 2189 animi
1623 2153 1699 2199 (IV,
1709 2157 1782 2199 84),

1031 2202 1137 2245 feroae
1156 2202 1274 2236 aninzi
1293 2202 1349 2244 (A.
1371 2201 1397 2245 Ι,
1418 2202 1491 2246 32),
1516 2202 1645 2246 inqens
1664 2202 1781 2237 animi

1035 2248 1092 2293 (A.
1119 2248 1146 2291 Ι,
1174 2252 1246 2291 69),
1271 2249 1386 2292 fidens
1412 2249 1529 2283 animi
1554 2247 1610 2292 (A.
1632 2248 1693 2293 IV,
1709 2252 1781 2292 59).

1031 2296 1103 2331 Cic.
1124 2295 1194 2330 hat
1219 2295 1328 2330 daffir
1347 2294 1441 2340 (Cat.
1467 2294 1519 2329 ΙΙΙ
1550 2299 1569 2338 ξ
1590 2297 1649 2340 21)
1670 2299 1782 2342 mente

1031 2355 1069 2378 co
1073 2346 1161 2387 ptus
1171 2343 1384 2388 ‘befangem
1395 2342 1641 2378 verblendet’.
1655 2334 1781 2379 Ubers.

1031 2391 1127 2425 velut
1159 2393 1288 2435 captus
1319 2390 1438 2425 animi
1472 2390 1543 2425 ‘als
1577 2393 1676 2426 wtire
1703 2390 1781 2425 sein

1035 2437 1140 2473 Geist
1165 2437 1362 2482 gel‘ithmt’.

1081 2488 1113 2520 4.
1153 2488 1348 2529 competere
1388 2484 1571 2529 ‘machtig
1608 2483 1714 2526 sein'3
1754 2495 1780 2518 s.

1033 2533 1076 2567 A.
1098 2532 1161 2576 ΙΙΙ,
1182 2536 1227 2567 46
1248 2532 1429 2577 oppidani
1447 2542 1558 2576 neque
1583 2532 1698 2567 oculis
1722 2541 1781 2566 ne-

1034 2590 1101 2623 que
1120 2579 1274 2614 auribus
1293 2579 1385 2614 satis
1403 2578 1662 2622 competebant3
1691 2577 1780 2613 Sall.

1034 2626 1119 2660 hist.
1158 2625 1174 2659 I
1210 2626 1254 2661 fr.
1287 2629 1332 2662 88
1365 2626 1435 2670 (ed.
1470 2625 1550 2671 Kr.)
1586 2625 1782 2669 formidine

1035 2674 1214 2708 attonitus
1232 2684 1344 2718 neque
1363 2673 1485 2708 animo
1503 2683 1616 2717 neque
1629 2672 1783 2708 auribus

1036 2724 1100 2755 aut
1121 2721 1250 2765 lin-qua
1275 2723 1473 2765 competere.
1515 2718 1588 2755 Cic.
1610 2719 1658 2754 ad
1673 2719 1714 2762 Q.
1735 2718 1780 2753 fr.

1036 2768 1080 2811 II,
1108 2772 1140 2811 3,
1168 2772 1187 2802 2
1215 2766 1379 2803 schreibt:
1398 2767 1507 2802 dafiir
1527 2768 1727 2802 consistere.

1084 2819 1115 2849 5.
1154 2825 1222 2850 sua
1260 2815 1414 2850 consilia
1445 2815 1612 2859 expedire
1645 2813 1782 2849 ‘selber

1036 2861 1109 2896 Rat
1135 2861 1327 2905 schaffen’3
1354 2861 1428 2907 vgl.
1456 2873 1500 2896 zu
1525 2861 1577 2904 II,
1605 2864 1667 2904 52,
1694 2864 1726 2895 9.
