1859 3182
146 700 201 742 83

220 122 275 163 86
535 170 539 172 .
737 119 898 154 TACITI
924 119 1262 155 HISTORIARUM

219 231 304 271 silio
339 232 484 270 ducum
522 230 814 282 praestantibus
853 231 1008 281 saepius
1046 242 1245 282 prospera.

1309 230 1335 267 ii
1373 234 1526 267 tantum
1564 229 1778 268 conflictati

219 296 327 341 sunt,
362 292 429 340 qui
460 292 499 328 in
531 295 683 340 partem
717 290 917 327 sinistram
949 289 1060 327 urbis
1093 289 1139 327 ad
1168 288 1426 326 Sallustianos
1451 287 1587 326 hortos
1613 300 1685 339 per
1711 300 1776 326 an-

217 355 331 400 gusta
364 354 403 387 et
435 348 586 387 lubrica
618 350 768 386 viarum
801 348 1000 386 flexerant.
1052 352 1322 399 superstantes
1354 347 1537 385 maceriis
1571 346 1777 385 hortorum

166 417 199 442 15
219 407 414 445 Vitelliani
448 407 493 445 ad
528 420 660 445 serum
693 419 819 458 usque
852 407 953 445 diem
988 408 1090 445 saxis
1123 406 1291 457 pilisque
1325 405 1541 444 subeuntes
1579 405 1777 458 arcebant,

218 466 343 505 donec
376 466 422 504 ab
456 466 668 517 equitibus,
704 467 771 517 qui
797 471 910 516 porta
937 465 1083 504 Collina
1109 467 1352 516 inruperant,
1386 465 1778 505 circumvenirentur.

218 537 457 564 concurrere
485 530 523 563 et
549 527 587 563 in
616 537 752 575 campo
779 525 917 563 Martio
951 525 1116 563 infestae
1144 525 1259 562 acies.
1309 535 1380 574 pro
1408 522 1600 561 Flavianis
1621 523 1778 562 fortuna

217 589 256 622 et
295 591 405 635 parta
444 585 589 622 totiens
624 585 804 622 victoria:
851 583 1043 622 Vitelliani
1082 583 1355 634 desperatione
1394 581 1475 620 sola
1513 581 1698 634 ruebant,
1740 589 1778 621 et

218 655 452 694 quamquam
485 642 605 694 pulsi,
638 654 779 681 rursus
811 643 851 680 in
883 642 981 680 urbe
1014 641 1365 692 congregabantur.

335 702 480 740 Aderat
512 701 779 752 pugnantibus
812 707 1009 751 spectator
1040 700 1210 752 populus
1243 705 1364 750 utque
1397 701 1437 738 in
1470 700 1622 739 ludicro
1655 706 1778 739 certa-

217 761 322 798 mine
355 760 445 811 hos,
490 772 628 798 rursus
668 760 753 798 illos
787 760 956 798 clamore
996 766 1034 798 et
1072 760 1211 813 plausu
1245 758 1409 797 fovebat.

1473 760 1654 809 quotiens
1686 771 1777 811 pars

216 819 336 857 altera
370 819 614 870 inclinasset,
648 819 801 858 abditos
833 821 873 857 in
905 819 1097 870 tabernis,
1131 824 1197 856 aut
1225 819 1258 856 si
1290 830 1406 869 quam
1438 819 1478 855 in
1505 817 1663 856 domum
1690 830 1778 869 per-

216 878 414 929 fugerant,
449 879 535 916 erui
567 877 817 929 iugularique
850 878 1143 929 expostulantes
1174 882 1286 928 parte
1319 878 1466 915 maiore
1502 876 1669 927 praedae
1708 889 1778 927 po-

178 937 431 975 5tiebantur:
473 949 562 974 nam
601 937 723 975 milite
765 937 810 975 ad
854 938 1084 987 sanguinem
1123 941 1161 974 et
1201 937 1339 974 caedes
1380 935 1546 973 obverso
1587 935 1709 986 spolia
1736 937 1776 974 in

213 995 354 1046 vulgus
387 995 588 1034 cedebant.
642 1008 754 1034 saeva
787 1008 830 1034 ac
864 996 1051 1034 deformis
1084 995 1181 1034 urbe
1215 1000 1294 1033 tota
1328 995 1466 1033 facies:
1510 994 1602 1033 alibi
1628 994 1777 1045 proelia

215 1060 253 1092 et
280 1054 456 1106 vulnera,
497 1054 587 1093 alibi
623 1054 798 1093 balineae
831 1057 1096 1106 popinaeque,
1129 1053 1245 1092 simul
1272 1065 1391 1092 cruor
1417 1059 1456 1091 et
1482 1058 1612 1091 strues
1639 1065 1776 1104 corpo-

213 1125 314 1164 rum,
348 1115 455 1151 iuxta
489 1119 617 1152 scorta
645 1119 684 1152 et
717 1116 860 1152 scortis
889 1113 1054 1164 similes,
1081 1119 1272 1164 quantum
1298 1114 1338 1150 in
1365 1112 1568 1150 luxurioso
1590 1113 1668 1150 otio
1690 1112 1776 1151 libi-

213 1172 369 1224 dinum,
411 1172 602 1223 quidquid
642 1174 682 1210 in
722 1173 975 1211 acerbissima
1014 1173 1237 1223 captivitate
1279 1171 1491 1222 scelerum,
1536 1183 1701 1222 prorsus
1734 1177 1777 1210 ut

262 1277 316 1307 13.
356 1275 397 1308 in
435 1278 576 1318 partem
612 1275 803 1308 sinistram
836 1274 954 1320 urbis]

213 1332 262 1355 sc.
290 1321 338 1355 ad
364 1321 494 1355 urbem
521 1321 795 1357 accedentibus.

261 1368 510 1403 Sallustianos
540 1368 675 1413 hortos]
712 1367 840 1402 Dieser
872 1379 958 1403 vom

212 1414 606 1450 Geschichtschreiber
628 1416 768 1449 Sallust
792 1415 868 1449 und
889 1416 958 1450 sei-

211 1473 296 1496 nem
329 1462 587 1506 Adoptivsohn
622 1463 677 1506 (A.
714 1462 775 1505 ΠΙ,
802 1466 860 1503 30)
897 1473 958 1496 an-

213 1510 361 1554 gelegte
384 1509 492 1552 Park,
520 1509 585 1543 der
611 1511 736 1553 spater
763 1510 799 1542 in
820 1509 958 1543 kaiser:

213 1556 339 1590 lichen
360 1556 481 1590 Besitz
504 1556 698 1600 &herging
732 1555 797 1599 lag
823 1556 958 1590 &stlich

213 1603 278 1637 der
304 1603 366 1637 via
386 1603 570 1637 Flaminia
595 1603 669 1637 und
696 1603 865 1637 westlioh
894 1603 956 1637 des

214 1649 469 1685 Collinischen
504 1651 621 1684 Thors
665 1652 761 1685 nahe
800 1651 864 1685 der
897 1651 958 1684 via

214 1697 359 1732 Salaria
398 1697 465 1731 auf
501 1697 585 1731 dem
624 1698 725 1732 collis
762 1698 958 1741 hortorum,

213 1744 297 1779 dem
329 1744 494 1789 jetzigen
520 1745 647 1778 Monte
673 1744 811 1780 Pincio.
863 1745 956 1779 Dem

213 1791 281 1825 auf
297 1792 361 1825 der
383 1791 526 1825 Salaria
546 1791 810 1826 anriickenden
830 1791 956 1826 linken

216 1838 351 1883 Flfigel
376 1839 440 1882 lag
467 1850 506 1872 er
531 1851 594 1872 zur
620 1838 798 1874 Rechten.

262 1889 315 1920 14.
373 1887 514 1920 lubrica
566 1886 725 1931 viarum]
780 1898 807 1920 s.
847 1899 890 1920 zu
929 1897 958 1921 c.

263 1984 316 2015 15.
344 1980 394 2014 ad
419 1990 536 2014 serum
563 1980 672 2025 diem]
708 1990 889 2024 wogegen
916 1982 957 2013 A.

211 2027 256 2070 ΙΙ,
284 2031 328 2061 21
355 2038 432 2061 sero
458 2028 540 2061 clici.
594 2026 627 2062 S.
655 2037 697 2059 zu
725 2037 753 2060 c,
784 2031 838 2069 79,
867 2031 896 2061 1.

264 2079 316 2108 16.
339 2077 450 2117 porta
472 2074 631 2119 Collina]
654 2072 829 2108 Welcher
847 2074 958 2108 Abla-

212 2121 293 2156 tiva
347 2120 381 2155 S.
409 2134 452 2155 zu
479 2121 541 2163 IV,
570 2125 624 2162 77,
652 2124 683 2154 2.

261 2169 495 2213 inruperant]
533 2167 668 2202 Petilio
696 2166 838 2201 Ceriale
866 2167 958 2201 duce

215 2215 360 2250 Salaria.
386 2215 447 2249 via
469 2219 511 2257 (c.
542 2218 611 2257 78).

265 2267 317 2297 17.
339 2264 380 2297 in
399 2273 524 2306 campo
540 2262 698 2307 Illartio]
719 2272 791 2305 quo
807 2261 958 2304 agmina

216 2308 479 2344 Flavianorum
519 2310 556 2343 et
588 2307 772 2343 Flaminia
816 2309 877 2343 via
921 2309 958 2342 et

212 2357 318 2391 iuxta
350 2356 537 2391 sinistram
570 2357 689 2400 ripam
723 2355 865 2390 Tiberis
902 2355 957 2389 in-

213 2404 424 2439 cedentium
451 2414 647 2448 progressa
674 2404 789 2437 erant.

264 2454 316 2485 18.
344 2452 591 2494 desperatione
615 2450 706 2495 sola]
745 2449 804 2483 ‘in
838 2449 958 2483 reiner

212 2498 511 2542 Verzweifiung’.
539 2497 668 2532 Denke
685 2509 748 2531 an:
767 2497 846 2531 Una
860 2496 957 2531 salus

213 2545 324 2579 victis
350 2545 491 2579 nullam
519 2556 667 2589 sperare
694 2544 863 2578 salutem.

261 2603 364 2626 ruere
400 2592 532 2626 ‘draus
560 2592 616 2626 los
653 2591 853 2633 stiirmen',
889 2591 956 2624 wie

213 2637 280 2682 IV,
309 2643 352 2673 70
388 2639 477 2683 lessio
505 2668 511 2674 .
535 2667 541 2673 .
564 2667 570 2673 .
597 2639 773 2674 sustinuit
805 2641 958 2680 ruentes,

213 2697 297 2721 moa:
340 2686 498 2730 inpulit;
548 2688 634 2731 Agr.
675 2690 717 2719 35
769 2685 959 2719 instinctos

214 2736 425 2778 ruentesque
450 2734 505 2768 ita
530 2734 719 2778 disposuit.

266 2784 319 2814 19.
365 2792 583 2826 quamquam
621 2779 739 2825 pulsi]
783 2792 807 2813 s.
848 2790 890 2812 zu
929 2790 957 2813 c.

215 2830 247 2870 2,
265 2831 332 2909 8138.
359 2878 388 2909 1.
417 2875 595 2909 ludicrum
624 2878 800 2909 certamen
838 2873 959 2908 ‘Lust-

1032 1273 1197 1318 gefecht,
1229 1272 1500 1317 Kampfspiel'3
1539 1271 1615 1317 vgl.
1649 1272 1693 1315 ῌ,
1730 1276 1774 1308 68

1033 1321 1173 1355 ludicro
1205 1321 1331 1362 initio;
1366 1320 1407 1356 G.
1435 1323 1480 1354 24
1516 1320 1556 1354 icl
1582 1320 1776 1355 ludicrum.

1080 1371 1111 1401 2.
1157 1368 1237 1410 hos,
1282 1378 1412 1402 rursus
1460 1367 1559 1413 illos]
1604 1378 1632 1402 s.
1665 1379 1709 1401 zu
1747 1378 1775 1402 c.

1078 1462 1195 1504 fovere
1223 1461 1354 1495 ‘warm
1374 1460 1532 1504 halten’,
1559 1461 1593 1494 d.
1613 1461 1650 1495 h.
1679 1460 1775 1495 ‘sich

1028 1508 1222 1552 jemandes
1260 1508 1330 1542 mit
1363 1508 1513 1542 Warme
1554 1508 1776 1552 annehmen,

1030 1555 1108 1589 ihm
1129 1556 1339 1599 anhiingem
1361 1554 1572 1599 huldigen’,
1595 1555 1655 1590 ein
1669 1556 1777 1590 Lieb-

1030 1602 1317 1646 lingsausdruck
1339 1601 1402 1636 des
1417 1601 1578 1638 Tacitus,
1617 1602 1741 1646 Vg1.1,
1756 1606 1777 1638 8

1029 1653 1136 1692 metu,
1149 1654 1333 1693 tamquam
1347 1650 1442 1684 alias
1454 1653 1578 1693 partes
1583 1650 1758 1692 fovissent
1764 1663 1778 1693 ‚-

1031 1708 1060 1731 c.
1097 1700 1140 1730 14
1179 1697 1308 1731 Callicle
1347 1700 1388 1731 ut
1419 1698 1584 1741 iynotum
1616 1698 1776 1740 fovebat;

1031 1755 1059 1777 c.
1088 1747 1144 1786 46,
1167 1748 1198 1778 5.
1225 1743 1269 1785 ΙΙ,
1298 1747 1352 1778 98.
1374 1743 1436 1786 ΙΙΙ,
1464 1747 1519 1778 62.
1547 1746 1603 1778 85.
1631 1744 1693 1788 IV,
1721 1748 1777 1779 17.

1028 1791 1070 1823 A.
1096 1791 1140 1833 II,
1169 1795 1222 1825 71.
1265 1791 1329 1825 Bei
1348 1791 1420 1825 Cic.
1447 1791 1494 1824 ad
1518 1790 1558 1832 Q.
1579 1791 1623 1827 fr.
1643 1792 1670 1834 I,
1697 1795 1730 1834 3,
1757 1794 1777 1825 8

1031 1838 1226 1880 fovendum
1251 1838 1320 1873 tibi
1345 1849 1415 1872 esse
1440 1838 1694 1881 Hortensium3
1730 1838 1778 1872 ad

1032 1884 1119 1919 fam.
1171 1885 1204 1928 Ι,
1249 1889 1287 1929 9,
1334 1889 1378 1920 10
1421 1885 1611 1920 inimicum
1660 1895 1777 1920 meum

997 1939 1001 1943 ’
1032 1933 1212 1974 fovebant.

1080 1984 1111 2013 3.
1139 1979 1365 2025 inclinasset]
1393 1991 1420 2013 s.
1447 1991 1490 2013 zu
1515 1979 1542 2022 Ι,
1571 1983 1626 2022 10,
1656 1983 1686 2013 7.

1080 2028 1250 2061 tabernae
1288 2027 1370 2060 sind
1409 2026 1467 2061 die
1505 2027 1544 2061 in
1583 2026 1654 2060 den
1685 2026 1777 2060 Erd-

1032 2074 1266 2117 geschossen,
1292 2073 1524 2108 namentlich
1544 2073 1610 2108 der
1629 2072 1777 2117 grossen

1033 2120 1278 2155 Mietshiiuser
1304 2121 1494 2165 (insulae),
1526 2119 1777 2156 befindlichen

1032 2167 1259 2201 Kramlitden
1286 2168 1360 2201 und
1387 2167 1655 2203 Werkstiitten..

1079 2218 1112 2248 4.
1139 2215 1235 2260 erui]
1264 2227 1291 2250 s,
1320 2227 1364 2249 zu
1391 2214 1417 2258 Ι,
1444 2218 1499 2257 82,
1529 2218 1560 2248 2.

1080 2265 1110 2296 6.
1139 2263 1258 2296 cedere
1281 2262 1510 2296 ‘iiberlassen
1533 2261 1689 2305 werden,
1711 2272 1774 2296 an-

1032 2308 1131 2343 heim
1169 2309 1300 2352 fallen,
1341 2308 1540 2352 zufallen’,
1578 2320 1605 2343 s.
1638 2321 1683 2343 zu
1713 2308 1775 2353 IV,

1031 2359 1087 2398 64,
1118 2360 1169 2390 14.
1662 2363 1665 2366 ⁴

1077 2404 1248 2445 descrmis
1279 2404 1367 2438 urbe
1400 2407 1477 2438 tota
1507 2402 1636 2448 facies]
1682 2401 1774 2448 ,vgt

1030 2450 1092 2492 IV,
1120 2454 1163 2484 39
1190 2451 1284 2485 redit
1308 2451 1394 2485 urbi
1417 2460 1485 2485 sua
1510 2450 1644 2494 forma.
1676 2440 1775 2484 Uber

1030 2498 1143 2540 facies
1169 2509 1195 2531 s.
1223 2509 1265 2531 zu
1290 2497 1335 2541 ΙΙ,
1362 2501 1418 2539 89,
1447 2501 1501 2531 11.

1079 2549 1109 2580 7.
1137 2555 1245 2579 cruor
1282 2544 1469 2579 kollektiv
1502 2543 1774 2587 ‘Blutlachen’;

1029 2595 1145 2627 strues
1173 2591 1424 2634 ‘Schichten'‚
1451 2591 1520 2626 wie
1548 2591 1598 2634 11,
1626 2595 1681 2634 70,
1719 2594 1773 2625 14.
1838 2592 1840 2594 ’

1079 2642 1109 2672 8.
1137 2638 1285 2684 similes]
1310 2639 1384 2673 ‘die
1406 2637 1512 2673 nicht
1525 2638 1650 2673 besser
1663 2637 1773 2672 sind’.

1033 2686 1182 2730 Cogitat
1196 2686 1348 2720 Tacitus
1362 2685 1406 2720 de
1422 2685 1577 2720 exoletis
1593 2687 1631 2720 et
1644 2684 1774 2720 mulie-

1031 2733 1113 2767 bria,
1138 2732 1381 2777 patientibus.

1081 2781 1194 2814 otium
1221 2779 1534 2816 ‘Friedensruhe’.

1082 2831 1113 2860 9.
1141 2827 1388 2872 acerbissima]
1417 2839 1444 2861 s.
1470 2838 1513 2860 zu
1539 2837 1570 2861 c:
1597 2829 1652 2868 76,
1680 2829 1714 2860 9.

1081 2874 1309 2920 captivitate]
1337 2886 1363 2908 s.
1390 2886 1433 2908 zu
1459 2884 1488 2908 c,
1517 2876 1572 2917 70,
1601 2876 1654 2907 12.
