<?xml version="1.0" encoding="UTF-8"?>
<!DOCTYPE html PUBLIC "-//W3C//DTD XHTML 1.0 Transitional//EN"
    "http://www.w3.org/TR/xhtml1/DTD/xhtml1-transitional.dtd">
<html xmlns="http://www.w3.org/1999/xhtml" xml:lang="en" lang="en">
 <head>
  <title>
</title>
<meta http-equiv="Content-Type" content="text/html;charset=utf-8" />
  <meta name='ocr-system' content='tesseract 3.04.00' />
  <meta name='ocr-capabilities' content='ocr_page ocr_carea ocr_par ocr_line ocrx_word'/>
</head>
<body>
  <div class='ocr_page' id='page_1' title='image "./historiarumlibri0304taciuoft_0091.png"; bbox 0 0 1875 3214; ppageno 0'>
   <div class='ocr_carea' id='block_1_1' title="bbox 565 98 1643 140">
    <p class='ocr_par' dir='ltr' id='par_1_1' title="bbox 565 98 1643 140">
     <span class='ocr_line' id='line_1_1' title="bbox 565 98 1643 140; baseline 0.004 -4"><span class='ocrx_word' id='word_1_1' title='bbox 565 101 711 136; x_wconf 79' lang='lat' dir='ltr'>LIBER</span> <span class='ocrx_word' id='word_1_2' title='bbox 737 101 798 136; x_wconf 86' lang='grc' dir='ltr'><strong>ΠΙ.</strong></span> <span class='ocrx_word' id='word_1_3' title='bbox 853 100 954 136; x_wconf 85' lang='lat' dir='ltr'><strong>CAP.</strong></span> <span class='ocrx_word' id='word_1_4' title='bbox 983 103 1134 136; x_wconf 78' lang='lat'><strong>78—80.</strong></span> <span class='ocrx_word' id='word_1_5' title='bbox 1587 98 1643 140; x_wconf 83' lang='lat'><strong>83</strong></span> 
     </span>
    </p>
   </div>
   <div class='ocr_carea' id='block_1_2' title="bbox 3 210 1715 1396">
    <p class='ocr_par' dir='ltr' id='par_1_2' title="bbox 65 210 1699 445">
     <span class='ocr_line' id='line_1_2' title="bbox 70 210 1644 271; baseline -0.006 -14"><span class='ocrx_word' id='word_1_6' title='bbox 70 222 274 271; x_wconf 90' lang='lat' dir='ltr'><strong>peractum</strong></span> <span class='ocrx_word' id='word_1_7' title='bbox 302 215 450 254; x_wconf 90' lang='lat' dir='ltr'><strong>bellum</strong></span> <span class='ocrx_word' id='word_1_8' title='bbox 476 218 629 266; x_wconf 87' lang='lat' dir='ltr'><strong>putant,</strong></span> <span class='ocrx_word' id='word_1_9' title='bbox 660 213 780 251; x_wconf 89' lang='lat' dir='ltr'><strong>finem</strong></span> <span class='ocrx_word' id='word_1_10' title='bbox 808 214 894 251; x_wconf 90' lang='lat' dir='ltr'><strong>eius</strong></span> <span class='ocrx_word' id='word_1_11' title='bbox 921 213 1173 263; x_wconf 77' lang='lat' dir='ltr'><strong>insignivere.</strong></span> <span class='ocrx_word' id='word_1_12' title='bbox 1219 223 1268 249; x_wconf 89' lang='lat' dir='ltr'><strong>ne</strong></span> <span class='ocrx_word' id='word_1_13' title='bbox 1294 210 1460 249; x_wconf 87' lang='lat' dir='ltr'><strong>Petilius</strong></span> <span class='ocrx_word' id='word_1_14' title='bbox 1482 210 1644 261; x_wconf 88' lang='lat' dir='ltr'><strong>quidem</strong></span> 
     </span>
     <span class='ocr_line' id='line_1_3' title="bbox 68 269 1644 325; baseline -0.005 -9"><span class='ocrx_word' id='word_1_15' title='bbox 68 276 230 317; x_wconf 87' lang='lat' dir='ltr'><strong>Cerialis</strong></span> <span class='ocrx_word' id='word_1_16' title='bbox 262 287 352 314; x_wconf 90' lang='lat' dir='ltr'><strong>cum</strong></span> <span class='ocrx_word' id='word_1_17' title='bbox 386 274 492 313; x_wconf 89' lang='lat' dir='ltr'><strong>mille</strong></span> <span class='ocrx_word' id='word_1_18' title='bbox 525 272 726 325; x_wconf 87' lang='lat' dir='ltr'><strong>equitibus</strong></span> <span class='ocrx_word' id='word_1_19' title='bbox 765 273 1027 323; x_wconf 86' lang='lat' dir='ltr'><strong>praemissus,</strong></span> <span class='ocrx_word' id='word_1_20' title='bbox 1073 277 1117 310; x_wconf 91' lang='lat' dir='ltr'><strong>ut</strong></span> <span class='ocrx_word' id='word_1_21' title='bbox 1155 272 1393 310; x_wconf 81' lang='lat' dir='ltr'><strong>transversis</strong></span> <span class='ocrx_word' id='word_1_22' title='bbox 1430 269 1644 308; x_wconf 85' lang='lat' dir='ltr'><strong>itineribus</strong></span> 
     </span>
     <span class='ocr_line' id='line_1_4' title="bbox 65 332 1644 390; baseline -0.004 -15"><span class='ocrx_word' id='word_1_23' title='bbox 65 348 137 390; x_wconf 90' lang='lat' dir='ltr'><strong>per</strong></span> <span class='ocrx_word' id='word_1_24' title='bbox 169 347 308 386; x_wconf 85' lang='lat' dir='ltr'><strong>agrum</strong></span> <span class='ocrx_word' id='word_1_25' title='bbox 341 333 531 373; x_wconf 88' lang='lat' dir='ltr'><strong>Sabinum</strong></span> <span class='ocrx_word' id='word_1_26' title='bbox 559 332 707 371; x_wconf 88' lang='lat' dir='ltr'><strong>Salaria</strong></span> <span class='ocrx_word' id='word_1_27' title='bbox 739 333 801 370; x_wconf 89' lang='lat' dir='ltr'><strong>via</strong></span> <span class='ocrx_word' id='word_1_28' title='bbox 834 332 974 370; x_wconf 88' lang='lat' dir='ltr'><strong>urbem</strong></span> <span class='ocrx_word' id='word_1_29' title='bbox 1006 332 1210 382; x_wconf 83' lang='lat' dir='ltr'><strong>introiret,</strong></span> <span class='ocrx_word' id='word_1_30' title='bbox 1243 332 1338 369; x_wconf 88' lang='lat' dir='ltr'><strong>satis</strong></span> <span class='ocrx_word' id='word_1_31' title='bbox 1365 334 1644 381; x_wconf 87' lang='lat' dir='ltr'><strong>maturaverat,</strong></span> 
     </span>
     <span class='ocr_line' id='line_1_5' title="bbox 67 390 1699 445; baseline -0.006 -10"><span class='ocrx_word' id='word_1_32' title='bbox 67 396 192 435; x_wconf 89' lang='lat' dir='ltr'><strong>donec</strong></span> <span class='ocrx_word' id='word_1_33' title='bbox 224 394 378 433; x_wconf 85' lang='lat' dir='ltr'><strong>obsessi</strong></span> <span class='ocrx_word' id='word_1_34' title='bbox 411 392 593 445; x_wconf 86' lang='lat' dir='ltr'><strong>Capitolii</strong></span> <span class='ocrx_word' id='word_1_35' title='bbox 625 392 724 429; x_wconf 84' lang='lat' dir='ltr'><strong>sama</strong></span> <span class='ocrx_word' id='word_1_36' title='bbox 759 396 925 429; x_wconf 89' lang='lat' dir='ltr'><strong>cunctos</strong></span> <span class='ocrx_word' id='word_1_37' title='bbox 959 390 1076 429; x_wconf 89' lang='lat' dir='ltr'><strong>simul</strong></span> <span class='ocrx_word' id='word_1_38' title='bbox 1109 392 1271 429; x_wconf 84' lang='lat' dir='ltr'><strong>exciret.</strong></span> <span class='ocrx_word' id='word_1_39' title='bbox 1663 397 1699 422; x_wconf 80' lang='lat'><strong>20</strong></span> 
     </span>
    </p>

    <p class='ocr_par' dir='ltr' id='par_1_3' title="bbox 63 445 1715 980">
     <span class='ocr_line' id='line_1_6' title="bbox 185 445 1715 504; baseline -0.003 -12"><span class='ocrx_word' id='word_1_40' title='bbox 185 454 381 492; x_wconf 88' lang='lat' dir='ltr'><strong>Antonius</strong></span> <span class='ocrx_word' id='word_1_41' title='bbox 418 465 491 504; x_wconf 92' lang='lat' dir='ltr'><strong>per</strong></span> <span class='ocrx_word' id='word_1_42' title='bbox 522 451 752 490; x_wconf 80' lang='lat' dir='ltr'><strong>Flaminiam</strong></span> <span class='ocrx_word' id='word_1_43' title='bbox 786 450 833 488; x_wconf 90' lang='lat' dir='ltr'><strong>ad</strong></span> <span class='ocrx_word' id='word_1_44' title='bbox 868 449 966 488; x_wconf 80' lang='lat' dir='ltr'><strong>Saxa</strong></span> <span class='ocrx_word' id='word_1_45' title='bbox 999 449 1121 488; x_wconf 90' lang='lat' dir='ltr'><strong>rubra</strong></span> <span class='ocrx_word' id='word_1_46' title='bbox 1152 449 1276 488; x_wconf 91' lang='lat' dir='ltr'><strong>multo</strong></span> <span class='ocrx_word' id='word_1_47' title='bbox 1315 451 1391 488; x_wconf 89' lang='lat' dir='ltr'><strong>iam</strong></span> <span class='ocrx_word' id='word_1_48' title='bbox 1424 450 1552 488; x_wconf 89' lang='lat' dir='ltr'><strong>noctis</strong></span> <span class='ocrx_word' id='word_1_49' title='bbox 1585 461 1644 487; x_wconf 89' lang='lat' dir='ltr'><strong>se·</strong></span> <span class='ocrx_word' id='word_1_50' title='bbox 1661 445 1715 487; x_wconf 87' lang='lat'><strong>79</strong></span> 
     </span>
     <span class='ocr_line' id='line_1_7' title="bbox 65 508 1643 560; baseline -0.004 -7"><span class='ocrx_word' id='word_1_51' title='bbox 65 526 153 554; x_wconf 88' lang='lat' dir='ltr'><strong>rum</strong></span> <span class='ocrx_word' id='word_1_52' title='bbox 185 512 375 552; x_wconf 83' lang='lat' dir='ltr'><strong>auxilium</strong></span> <span class='ocrx_word' id='word_1_53' title='bbox 407 513 526 550; x_wconf 88' lang='lat' dir='ltr'><strong>venit.</strong></span> <span class='ocrx_word' id='word_1_54' title='bbox 588 511 669 549; x_wconf 89' lang='lat' dir='ltr'><strong>illic</strong></span> <span class='ocrx_word' id='word_1_55' title='bbox 701 510 957 548; x_wconf 85' lang='lat' dir='ltr'><strong>intersectum</strong></span> <span class='ocrx_word' id='word_1_56' title='bbox 992 509 1199 560; x_wconf 88' lang='lat' dir='ltr'><strong>Sabinum,</strong></span> <span class='ocrx_word' id='word_1_57' title='bbox 1234 508 1497 560; x_wconf 82' lang='lat' dir='ltr'><strong>conflagrasse</strong></span> <span class='ocrx_word' id='word_1_58' title='bbox 1532 508 1643 559; x_wconf 91' lang='lat' dir='ltr'><strong>Capi-</strong></span> 
     </span>
     <span class='ocr_line' id='line_1_8' title="bbox 63 568 1644 624; baseline -0.004 -12"><span class='ocrx_word' id='word_1_59' title='bbox 63 573 221 624; x_wconf 86' lang='lat' dir='ltr'><strong>tolium,</strong></span> <span class='ocrx_word' id='word_1_60' title='bbox 253 577 425 611; x_wconf 90' lang='lat' dir='ltr'><strong>tremere</strong></span> <span class='ocrx_word' id='word_1_61' title='bbox 459 571 618 623; x_wconf 90' lang='lat' dir='ltr'><strong>urbem,</strong></span> <span class='ocrx_word' id='word_1_62' title='bbox 655 575 804 608; x_wconf 88' lang='lat' dir='ltr'><strong>maesta</strong></span> <span class='ocrx_word' id='word_1_63' title='bbox 844 570 973 607; x_wconf 89' lang='lat' dir='ltr'><strong>omnia</strong></span> <span class='ocrx_word' id='word_1_64' title='bbox 1007 571 1176 621; x_wconf 80' lang='lat' dir='ltr'><strong>accepit3</strong></span> <span class='ocrx_word' id='word_1_65' title='bbox 1216 568 1372 619; x_wconf 88' lang='lat' dir='ltr'><strong>plebem</strong></span> <span class='ocrx_word' id='word_1_66' title='bbox 1406 580 1564 619; x_wconf 90' lang='lat' dir='ltr'><strong>quoque</strong></span> <span class='ocrx_word' id='word_1_67' title='bbox 1605 574 1644 607; x_wconf 90' lang='lat' dir='ltr'><strong>et</strong></span> 
     </span>
     <span class='ocr_line' id='line_1_9' title="bbox 65 627 1643 683; baseline -0.004 -11"><span class='ocrx_word' id='word_1_68' title='bbox 65 633 224 678; x_wconf 59' lang='lat' dir='ltr'><strong>servitia</strong></span> <span class='ocrx_word' id='word_1_69' title='bbox 257 643 328 683; x_wconf 90' lang='lat' dir='ltr'><strong>pro</strong></span> <span class='ocrx_word' id='word_1_70' title='bbox 361 630 517 670; x_wconf 89' lang='lat' dir='ltr'><strong>Vitellio</strong></span> <span class='ocrx_word' id='word_1_71' title='bbox 557 631 703 668; x_wconf 88' lang='lat' dir='ltr'><strong>armari</strong></span> <span class='ocrx_word' id='word_1_72' title='bbox 735 628 1004 667; x_wconf 82' lang='lat' dir='ltr'><strong>nuntiabatur.</strong></span> <span class='ocrx_word' id='word_1_73' title='bbox 1057 635 1097 667; x_wconf 84' lang='lat' dir='ltr'><strong>et</strong></span> <span class='ocrx_word' id='word_1_74' title='bbox 1123 628 1264 666; x_wconf 87' lang='lat' dir='ltr'><strong>Petilio</strong></span> <span class='ocrx_word' id='word_1_75' title='bbox 1292 627 1435 666; x_wconf 85' lang='lat' dir='ltr'><strong>Ceriali</strong></span> <span class='ocrx_word' id='word_1_76' title='bbox 1456 633 1643 679; x_wconf 80' lang='lat' dir='ltr'><strong>equestre</strong></span> 
     </span>
     <span class='ocr_line' id='line_1_10' title="bbox 63 687 1679 743; baseline -0.003 -13"><span class='ocrx_word' id='word_1_77' title='bbox 63 691 259 743; x_wconf 87' lang='lat' dir='ltr'><strong>proelium</strong></span> <span class='ocrx_word' id='word_1_78' title='bbox 286 690 496 729; x_wconf 90' lang='lat' dir='ltr'><strong>adversum</strong></span> <span class='ocrx_word' id='word_1_79' title='bbox 523 690 670 729; x_wconf 85' lang='lat' dir='ltr'><strong>fuerat:</strong></span> <span class='ocrx_word' id='word_1_80' title='bbox 702 701 873 740; x_wconf 90' lang='lat' dir='ltr'><strong>namque</strong></span> <span class='ocrx_word' id='word_1_81' title='bbox 906 690 1110 727; x_wconf 87' lang='lat' dir='ltr'><strong>incautum</strong></span> <span class='ocrx_word' id='word_1_82' title='bbox 1144 694 1183 726; x_wconf 91' lang='lat' dir='ltr'><strong>et</strong></span> <span class='ocrx_word' id='word_1_83' title='bbox 1214 693 1414 738; x_wconf 88' lang='lat' dir='ltr'><strong>tamquam</strong></span> <span class='ocrx_word' id='word_1_84' title='bbox 1443 687 1489 725; x_wconf 84' lang='lat' dir='ltr'><strong>ad</strong></span> <span class='ocrx_word' id='word_1_85' title='bbox 1517 688 1642 726; x_wconf 81' lang='lat' dir='ltr'><strong>victos</strong></span> <span class='ocrx_word' id='word_1_86' title='bbox 1663 694 1679 720; x_wconf 89' lang='lat'>5</span> 
     </span>
     <span class='ocr_line' id='line_1_11' title="bbox 63 748 1643 802; baseline -0.004 -12"><span class='ocrx_word' id='word_1_87' title='bbox 63 756 245 790; x_wconf 87' lang='lat' dir='ltr'><strong>ruentem</strong></span> <span class='ocrx_word' id='word_1_88' title='bbox 285 749 499 802; x_wconf 84' lang='lat' dir='ltr'><strong>Vitelliani,</strong></span> <span class='ocrx_word' id='word_1_89' title='bbox 540 750 776 788; x_wconf 90' lang='lat' dir='ltr'><strong>interiectus</strong></span> <span class='ocrx_word' id='word_1_90' title='bbox 816 749 941 799; x_wconf 83' lang='lat' dir='ltr'><strong>equiti</strong></span> <span class='ocrx_word' id='word_1_91' title='bbox 979 748 1118 799; x_wconf 86' lang='lat' dir='ltr'><strong>pedes,</strong></span> <span class='ocrx_word' id='word_1_92' title='bbox 1157 759 1362 798; x_wconf 83' lang='lat' dir='ltr'><strong>excepere.</strong></span> <span class='ocrx_word' id='word_1_93' title='bbox 1422 752 1643 798; x_wconf 85' lang='lat' dir='ltr'><strong>pugnatum</strong></span> 
     </span>
     <span class='ocr_line' id='line_1_12' title="bbox 63 806 1642 861; baseline -0.004 -12"><span class='ocrx_word' id='word_1_94' title='bbox 63 810 168 850; x_wconf 87' lang='lat' dir='ltr'><strong>haud</strong></span> <span class='ocrx_word' id='word_1_95' title='bbox 211 809 354 861; x_wconf 84' lang='lat' dir='ltr'><strong>procul</strong></span> <span class='ocrx_word' id='word_1_96' title='bbox 399 809 498 848; x_wconf 88' lang='lat' dir='ltr'><strong>urbe</strong></span> <span class='ocrx_word' id='word_1_97' title='bbox 542 811 647 847; x_wconf 90' lang='lat' dir='ltr'><strong>inter</strong></span> <span class='ocrx_word' id='word_1_98' title='bbox 686 808 864 847; x_wconf 89' lang='lat' dir='ltr'><strong>aedificia</strong></span> <span class='ocrx_word' id='word_1_99' title='bbox 903 807 1121 858; x_wconf 88' lang='lat' dir='ltr'><strong>hortosque</strong></span> <span class='ocrx_word' id='word_1_100' title='bbox 1161 813 1200 845; x_wconf 91' lang='lat' dir='ltr'><strong>et</strong></span> <span class='ocrx_word' id='word_1_101' title='bbox 1237 806 1438 845; x_wconf 81' lang='lat' dir='ltr'><strong>anfractus</strong></span> <span class='ocrx_word' id='word_1_102' title='bbox 1478 808 1642 856; x_wconf 87' lang='lat' dir='ltr'><strong>viarum,</strong></span> 
     </span>
     <span class='ocr_line' id='line_1_13' title="bbox 65 866 1642 921; baseline -0.003 -13"><span class='ocrx_word' id='word_1_103' title='bbox 65 881 164 921; x_wconf 90' lang='lat' dir='ltr'><strong>quae</strong></span> <span class='ocrx_word' id='word_1_104' title='bbox 196 881 318 920; x_wconf 86' lang='lat' dir='ltr'><strong>gnara</strong></span> <span class='ocrx_word' id='word_1_105' title='bbox 351 868 587 920; x_wconf 83' lang='lat' dir='ltr'><strong>Vitellianis,</strong></span> <span class='ocrx_word' id='word_1_106' title='bbox 620 870 852 918; x_wconf 84' lang='lat' dir='ltr'><strong>inconperta</strong></span> <span class='ocrx_word' id='word_1_107' title='bbox 886 866 1069 905; x_wconf 87' lang='lat' dir='ltr'><strong>hostibus</strong></span> <span class='ocrx_word' id='word_1_108' title='bbox 1101 872 1253 904; x_wconf 90' lang='lat' dir='ltr'><strong>metum</strong></span> <span class='ocrx_word' id='word_1_109' title='bbox 1279 866 1466 904; x_wconf 84' lang='lat' dir='ltr'><strong>fecerant.</strong></span> <span class='ocrx_word' id='word_1_110' title='bbox 1512 877 1642 916; x_wconf 89' lang='lat' dir='ltr'><strong>neque</strong></span> 
     </span>
     <span class='ocr_line' id='line_1_14' title="bbox 63 924 1642 980; baseline -0.004 -12"><span class='ocrx_word' id='word_1_111' title='bbox 63 930 196 968; x_wconf 90' lang='lat' dir='ltr'><strong>omnis&#39;</strong></span> <span class='ocrx_word' id='word_1_112' title='bbox 225 941 350 980; x_wconf 88' lang='lat' dir='ltr'><strong>eques</strong></span> <span class='ocrx_word' id='word_1_113' title='bbox 382 941 568 980; x_wconf 80' lang='lat' dir='ltr'><strong>concors,</strong></span> <span class='ocrx_word' id='word_1_114' title='bbox 607 927 805 966; x_wconf 91' lang='lat' dir='ltr'><strong>adiunctis</strong></span> <span class='ocrx_word' id='word_1_115' title='bbox 845 926 1100 977; x_wconf 85' lang='lat' dir='ltr'><strong>quibusdam,</strong></span> <span class='ocrx_word' id='word_1_116' title='bbox 1141 927 1210 977; x_wconf 89' lang='lat' dir='ltr'><strong>qui</strong></span> <span class='ocrx_word' id='word_1_117' title='bbox 1242 937 1370 976; x_wconf 88' lang='lat' dir='ltr'><strong>nuper</strong></span> <span class='ocrx_word' id='word_1_118' title='bbox 1409 925 1513 976; x_wconf 90' lang='lat' dir='ltr'><strong>apud</strong></span> <span class='ocrx_word' id='word_1_119' title='bbox 1546 924 1642 962; x_wconf 84' lang='lat' dir='ltr'><strong>Nar-</strong></span> 
     </span>
    </p>

    <p class='ocr_par' dir='ltr' id='par_1_4' title="bbox 3 982 1697 1146">
     <span class='ocr_line' id='line_1_15' title="bbox 3 982 1697 1038; baseline -0.004 -11"><span class='ocrx_word' id='word_1_120' title='bbox 3 982 6 984; x_wconf 60' lang='grc'><strong>’</strong></span> <span class='ocrx_word' id='word_1_121' title='bbox 62 990 167 1027; x_wconf 90' lang='lat' dir='ltr'><strong>niam</strong></span> <span class='ocrx_word' id='word_1_122' title='bbox 212 988 337 1027; x_wconf 91' lang='lat' dir='ltr'><strong>dediti</strong></span> <span class='ocrx_word' id='word_1_123' title='bbox 379 988 580 1026; x_wconf 89' lang='lat' dir='ltr'><strong>fortunam</strong></span> <span class='ocrx_word' id='word_1_124' title='bbox 624 988 798 1038; x_wconf 85' lang='lat' dir='ltr'><strong>partium</strong></span> <span class='ocrx_word' id='word_1_125' title='bbox 837 985 1156 1036; x_wconf 84' lang='lat' dir='ltr'><strong>speculabantur.</strong></span> <span class='ocrx_word' id='word_1_126' title='bbox 1222 986 1377 1035; x_wconf 88' lang='lat' dir='ltr'><strong>capitur</strong></span> <span class='ocrx_word' id='word_1_127' title='bbox 1415 985 1642 1036; x_wconf 88' lang='lat' dir='ltr'><strong>praefectus</strong></span> <span class='ocrx_word' id='word_1_128' title='bbox 1663 992 1697 1017; x_wconf 89' lang='lat'><strong>10</strong></span> 
     </span>
     <span class='ocr_line' id='line_1_16' title="bbox 61 1043 1643 1099; baseline -0.004 -12"><span class='ocrx_word' id='word_1_129' title='bbox 61 1047 143 1087; x_wconf 89' lang='lat' dir='ltr'><strong>alae</strong></span> <span class='ocrx_word' id='word_1_130' title='bbox 175 1047 300 1087; x_wconf 89' lang='lat' dir='ltr'><strong>Iulius</strong></span> <span class='ocrx_word' id='word_1_131' title='bbox 331 1046 558 1099; x_wconf 89' lang='lat' dir='ltr'><strong>Flavianus,</strong></span> <span class='ocrx_word' id='word_1_132' title='bbox 604 1048 729 1086; x_wconf 89' lang='lat' dir='ltr'><strong>ceteri</strong></span> <span class='ocrx_word' id='word_1_133' title='bbox 768 1046 882 1084; x_wconf 81' lang='lat' dir='ltr'><strong>foeda</strong></span> <span class='ocrx_word' id='word_1_134' title='bbox 922 1045 1012 1096; x_wconf 82' lang='lat' dir='ltr'><strong>fuga</strong></span> <span class='ocrx_word' id='word_1_135' title='bbox 1052 1050 1381 1095; x_wconf 86' lang='lat' dir='ltr'><strong>consternantur,</strong></span> <span class='ocrx_word' id='word_1_136' title='bbox 1426 1056 1506 1082; x_wconf 91' lang='lat' dir='ltr'><strong>non</strong></span> <span class='ocrx_word' id='word_1_137' title='bbox 1539 1043 1643 1082; x_wconf 88' lang='lat' dir='ltr'><strong>ultra</strong></span> 
     </span>
     <span class='ocr_line' id='line_1_17' title="bbox 63 1106 680 1146; baseline -0.003 0"><span class='ocrx_word' id='word_1_138' title='bbox 63 1106 234 1146; x_wconf 88' lang='lat' dir='ltr'><strong>Fidenas</strong></span> <span class='ocrx_word' id='word_1_139' title='bbox 267 1108 416 1146; x_wconf 87' lang='lat' dir='ltr'><strong>secutis</strong></span> <span class='ocrx_word' id='word_1_140' title='bbox 449 1106 680 1145; x_wconf 80' lang='lat' dir='ltr'><strong>victoribus.</strong></span> 
     </span>
    </p>

    <p class='ocr_par' dir='ltr' id='par_1_5' title="bbox 58 1160 1714 1396">
     <span class='ocr_line' id='line_1_18' title="bbox 181 1160 1714 1217; baseline -0.003 -12"><span class='ocrx_word' id='word_1_141' title='bbox 181 1166 239 1205; x_wconf 92' lang='lat' dir='ltr'><strong>Eo</strong></span> <span class='ocrx_word' id='word_1_142' title='bbox 272 1178 462 1205; x_wconf 88' lang='lat' dir='ltr'><strong>successu</strong></span> <span class='ocrx_word' id='word_1_143' title='bbox 497 1166 627 1205; x_wconf 85' lang='lat' dir='ltr'><strong>studia</strong></span> <span class='ocrx_word' id='word_1_144' title='bbox 654 1165 791 1217; x_wconf 90' lang='lat' dir='ltr'><strong>populi</strong></span> <span class='ocrx_word' id='word_1_145' title='bbox 817 1171 950 1216; x_wconf 72' lang='lat' dir='ltr'><strong>aucta,</strong></span> <span class='ocrx_word' id='word_1_146' title='bbox 984 1163 1124 1215; x_wconf 85' lang='lat' dir='ltr'><strong>vulgus</strong></span> <span class='ocrx_word' id='word_1_147' title='bbox 1157 1163 1353 1202; x_wconf 88' lang='lat' dir='ltr'><strong>urbanum</strong></span> <span class='ocrx_word' id='word_1_148' title='bbox 1381 1175 1488 1201; x_wconf 90' lang='lat' dir='ltr'><strong>arma</strong></span> <span class='ocrx_word' id='word_1_149' title='bbox 1518 1160 1714 1215; x_wconf 80' lang='lat' dir='ltr'><strong>cepit38O</strong></span> 
     </span>
     <span class='ocr_line' id='line_1_19' title="bbox 58 1222 1641 1277; baseline -0.003 -13"><span class='ocrx_word' id='word_1_150' title='bbox 58 1227 196 1277; x_wconf 87' lang='lat' dir='ltr'><strong>paucis</strong></span> <span class='ocrx_word' id='word_1_151' title='bbox 230 1225 579 1277; x_wconf 72' lang='lat' dir='ltr'><strong>scuta‘militaria,</strong></span> <span class='ocrx_word' id='word_1_152' title='bbox 612 1224 748 1276; x_wconf 91' lang='lat' dir='ltr'><strong>plures</strong></span> <span class='ocrx_word' id='word_1_153' title='bbox 780 1226 922 1276; x_wconf 90' lang='lat' dir='ltr'><strong>raptis,</strong></span> <span class='ocrx_word' id='word_1_154' title='bbox 958 1224 1063 1275; x_wconf 86' lang='lat' dir='ltr'><strong>quod</strong></span> <span class='ocrx_word' id='word_1_155' title='bbox 1091 1225 1234 1275; x_wconf 88' lang='lat' dir='ltr'><strong>cuique</strong></span> <span class='ocrx_word' id='word_1_156' title='bbox 1263 1222 1440 1275; x_wconf 85' lang='lat' dir='ltr'><strong>obvium,</strong></span> <span class='ocrx_word' id='word_1_157' title='bbox 1473 1222 1563 1261; x_wconf 89' lang='lat' dir='ltr'><strong>telis</strong></span> <span class='ocrx_word' id='word_1_158' title='bbox 1591 1223 1641 1261; x_wconf 92' lang='lat' dir='ltr'><strong>si-</strong></span> 
     </span>
     <span class='ocr_line' id='line_1_20' title="bbox 61 1281 1641 1336; baseline -0.003 -12"><span class='ocrx_word' id='word_1_159' title='bbox 61 1297 183 1336; x_wconf 88' lang='lat' dir='ltr'><strong>gnum</strong></span> <span class='ocrx_word' id='word_1_160' title='bbox 215 1297 371 1336; x_wconf 89' lang='lat' dir='ltr'><strong>pugnae</strong></span> <span class='ocrx_word' id='word_1_161' title='bbox 399 1291 632 1336; x_wconf 80' lang='lat' dir='ltr'><strong>exposcunt.</strong></span> <span class='ocrx_word' id='word_1_162' title='bbox 677 1286 756 1335; x_wconf 79' lang='lat' dir='ltr'><strong>agit</strong></span> <span class='ocrx_word' id='word_1_163' title='bbox 783 1290 914 1335; x_wconf 81' lang='lat' dir='ltr'><strong>grates</strong></span> <span class='ocrx_word' id='word_1_164' title='bbox 936 1282 1116 1322; x_wconf 80' lang='lat' dir='ltr'><strong>Vitellius</strong></span> <span class='ocrx_word' id='word_1_165' title='bbox 1144 1289 1181 1321; x_wconf 88' lang='lat' dir='ltr'><strong>et</strong></span> <span class='ocrx_word' id='word_1_166' title='bbox 1209 1283 1255 1321; x_wconf 89' lang='lat' dir='ltr'><strong>ad</strong></span> <span class='ocrx_word' id='word_1_167' title='bbox 1283 1282 1473 1321; x_wconf 84' lang='lat' dir='ltr'><strong>tuendam</strong></span> <span class='ocrx_word' id='word_1_168' title='bbox 1499 1281 1641 1320; x_wconf 87' lang='lat' dir='ltr'><strong>urbem</strong></span> 
     </span>
     <span class='ocr_line' id='line_1_21' title="bbox 58 1342 1640 1396; baseline -0.003 -13"><span class='ocrx_word' id='word_1_169' title='bbox 58 1356 321 1396; x_wconf 87' lang='lat' dir='ltr'><strong>prorumpere</strong></span> <span class='ocrx_word' id='word_1_170' title='bbox 353 1344 475 1384; x_wconf 88' lang='lat' dir='ltr'><strong>iubet.</strong></span> <span class='ocrx_word' id='word_1_171' title='bbox 533 1357 623 1383; x_wconf 82' lang='lat' dir='ltr'><strong>mox</strong></span> <span class='ocrx_word' id='word_1_172' title='bbox 651 1349 788 1383; x_wconf 86' lang='lat' dir='ltr'><strong>vocato</strong></span> <span class='ocrx_word' id='word_1_173' title='bbox 817 1348 957 1382; x_wconf 88' lang='lat' dir='ltr'><strong>senatu</strong></span> <span class='ocrx_word' id='word_1_174' title='bbox 990 1343 1219 1394; x_wconf 82' lang='lat' dir='ltr'><strong>deliguntur</strong></span> <span class='ocrx_word' id='word_1_175' title='bbox 1257 1342 1376 1393; x_wconf 82' lang='lat' dir='ltr'><strong>legati</strong></span> <span class='ocrx_word' id='word_1_176' title='bbox 1408 1342 1456 1380; x_wconf 86' lang='lat' dir='ltr'><strong>ad</strong></span> <span class='ocrx_word' id='word_1_177' title='bbox 1490 1342 1640 1380; x_wconf 78' lang='lat' dir='ltr'><strong>exerci-</strong></span> 
     </span>
    </p>
   </div>
   <div class='ocr_carea' id='block_1_3' title="bbox 888 1468 1642 1513">
    <p class='ocr_par' dir='ltr' id='par_1_6' title="bbox 888 1468 1642 1513">
     <span class='ocr_line' id='line_1_22' title="bbox 888 1468 1642 1513; baseline -0.003 -9"><span class='ocrx_word' id='word_1_178' title='bbox 888 1480 966 1504; x_wconf 76' lang='lat' dir='ltr'><strong>sero</strong></span> <span class='ocrx_word' id='word_1_179' title='bbox 985 1470 1059 1503; x_wconf 80' lang='lat' dir='ltr'><strong>diei</strong></span> <span class='ocrx_word' id='word_1_180' title='bbox 1079 1468 1138 1512; x_wconf 82' lang='lat' dir='ltr'><strong>(A.</strong></span> <span class='ocrx_word' id='word_1_181' title='bbox 1159 1468 1204 1511; x_wconf 91' lang='grc' dir='ltr'>Π,</span> <span class='ocrx_word' id='word_1_182' title='bbox 1227 1471 1290 1513; x_wconf 79' lang='lat'><strong>21)</strong></span> <span class='ocrx_word' id='word_1_183' title='bbox 1302 1479 1370 1513; x_wconf 74' lang='lat' dir='ltr'><strong>per</strong></span> <span class='ocrx_word' id='word_1_184' title='bbox 1389 1468 1547 1502; x_wconf 76' lang='lat' dir='ltr'><strong>medium</strong></span> <span class='ocrx_word' id='word_1_185' title='bbox 1567 1468 1642 1502; x_wconf 80' lang='lat' dir='ltr'><strong>diei</strong></span> 
     </span>
    </p>
   </div>
   <div class='ocr_carea' id='block_1_4' title="bbox 560 1471 1637 1561">
    <p class='ocr_par' dir='ltr' id='par_1_7' title="bbox 560 1471 1637 1561">
     <span class='ocr_line' id='line_1_23' title="bbox 560 1471 816 1514; baseline -0.008 -9"><span class='ocrx_word' id='word_1_186' title='bbox 560 1481 603 1505; x_wconf 76' lang='lat' dir='ltr'><strong>ex</strong></span> <span class='ocrx_word' id='word_1_187' title='bbox 629 1481 686 1513; x_wconf 88' lang='lat' dir='ltr'><strong>eo,</strong></span> <span class='ocrx_word' id='word_1_188' title='bbox 719 1471 816 1514; x_wconf 73' lang='lat' dir='ltr'><strong>quod</strong></span> 
     </span>
     <span class='ocr_line' id='line_1_24' title="bbox 888 1514 1637 1561; baseline -0.001 -11"><span class='ocrx_word' id='word_1_189' title='bbox 888 1517 930 1552; x_wconf 87' lang='lat' dir='ltr'><strong>A.</strong></span> <span class='ocrx_word' id='word_1_190' title='bbox 960 1516 1020 1559; x_wconf 89' lang='lat' dir='ltr'><strong>XI,</strong></span> <span class='ocrx_word' id='word_1_191' title='bbox 1042 1521 1120 1558; x_wconf 85' lang='lat'><strong>21),</strong></span> <span class='ocrx_word' id='word_1_192' title='bbox 1154 1516 1371 1561; x_wconf 65' lang='lat' dir='ltr'><strong>mediodz&#39;ei</strong></span> <span class='ocrx_word' id='word_1_193' title='bbox 1396 1516 1453 1558; x_wconf 87' lang='lat' dir='ltr'><strong>(A.</strong></span> <span class='ocrx_word' id='word_1_194' title='bbox 1474 1514 1579 1557; x_wconf 83' lang='lat' dir='ltr'><strong>XIV,</strong></span> <span class='ocrx_word' id='word_1_195' title='bbox 1606 1518 1637 1550; x_wconf 88' lang='lat'><strong>2.</strong></span> 
     </span>
    </p>
   </div>
   <div class='ocr_carea' id='block_1_5' title="bbox 59 1470 814 1561">
    <p class='ocr_par' dir='ltr' id='par_1_8' title="bbox 59 1470 814 1561">
     <span class='ocr_line' id='line_1_25' title="bbox 59 1470 531 1515; baseline 0 -11"><span class='ocrx_word' id='word_1_196' title='bbox 59 1470 129 1514; x_wconf 87' lang='lat' dir='ltr'><strong>VI,</strong></span> <span class='ocrx_word' id='word_1_197' title='bbox 167 1474 205 1515; x_wconf 88' lang='lat'><strong>5,</strong></span> <span class='ocrx_word' id='word_1_198' title='bbox 232 1475 252 1505; x_wconf 84' lang='lat'><strong>2</strong></span> <span class='ocrx_word' id='word_1_199' title='bbox 285 1482 330 1506; x_wconf 72' lang='lat' dir='ltr'><strong>ne</strong></span> <span class='ocrx_word' id='word_1_200' title='bbox 355 1471 437 1515; x_wconf 79' lang='lat' dir='ltr'><strong>quis</strong></span> <span class='ocrx_word' id='word_1_201' title='bbox 464 1498 471 1505; x_wconf 93' lang='lat'><strong>.</strong></span> <span class='ocrx_word' id='word_1_202' title='bbox 494 1498 531 1505; x_wconf 93' lang='lat'><strong>..</strong></span> 
     </span>
     <span class='ocr_line' id='line_1_26' title="bbox 59 1518 814 1561; baseline -0.001 -9"><span class='ocrx_word' id='word_1_203' title='bbox 59 1521 261 1561; x_wconf 78' lang='lat' dir='ltr'><strong>meruerat,</strong></span> <span class='ocrx_word' id='word_1_204' title='bbox 299 1519 382 1553; x_wconf 82' lang='lat' dir='ltr'><strong>odio</strong></span> <span class='ocrx_word' id='word_1_205' title='bbox 416 1518 577 1553; x_wconf 77' lang='lat' dir='ltr'><strong>civitatis</strong></span> <span class='ocrx_word' id='word_1_206' title='bbox 607 1521 724 1552; x_wconf 75' lang='lat' dir='ltr'><strong>motus</strong></span> <span class='ocrx_word' id='word_1_207' title='bbox 756 1529 814 1552; x_wconf 76' lang='lat' dir='ltr'><strong>ex-</strong></span> 
     </span>
    </p>
   </div>
   <div class='ocr_carea' id='block_1_6' title="bbox 13 1565 817 2942">
    <p class='ocr_par' dir='ltr' id='par_1_9' title="bbox 13 1565 815 1753">
     <span class='ocr_line' id='line_1_27' title="bbox 58 1565 815 1609; baseline -0.003 -9"><span class='ocrx_word' id='word_1_208' title='bbox 58 1566 182 1609; x_wconf 82' lang='lat' dir='ltr'><strong>sistat3</strong></span> <span class='ocrx_word' id='word_1_209' title='bbox 217 1565 262 1602; x_wconf 92' lang='lat' dir='ltr'><strong>H.</strong></span> <span class='ocrx_word' id='word_1_210' title='bbox 290 1565 358 1609; x_wconf 88' lang='grc' dir='ltr'><strong>ΠΙ,</strong></span> <span class='ocrx_word' id='word_1_211' title='bbox 387 1569 430 1600; x_wconf 87' lang='grc'><strong>86</strong></span> <span class='ocrx_word' id='word_1_212' title='bbox 465 1566 652 1600; x_wconf 75' lang='lat' dir='ltr'><strong>amicitias</strong></span> <span class='ocrx_word' id='word_1_213' title='bbox 683 1566 815 1599; x_wconf 81' lang='lat' dir='ltr'><strong>meruit</strong></span> 
     </span>
     <span class='ocr_line' id='line_1_28' title="bbox 58 1612 813 1658; baseline -0.003 -10"><span class='ocrx_word' id='word_1_214' title='bbox 58 1614 176 1658; x_wconf 74' lang='lat' dir='ltr'><strong>mayis</strong></span> <span class='ocrx_word' id='word_1_215' title='bbox 214 1625 323 1658; x_wconf 77' lang='lat' dir='ltr'><strong>quam</strong></span> <span class='ocrx_word' id='word_1_216' title='bbox 359 1614 509 1655; x_wconf 69' lang='lat' dir='ltr'><strong>habuit,</strong></span> <span class='ocrx_word' id='word_1_217' title='bbox 554 1612 612 1656; x_wconf 88' lang='lat' dir='ltr'><strong>[V,</strong></span> <span class='ocrx_word' id='word_1_218' title='bbox 651 1617 696 1647; x_wconf 75' lang='lat'><strong>34</strong></span> <span class='ocrx_word' id='word_1_219' title='bbox 735 1613 813 1647; x_wconf 66' lang='lat' dir='ltr'><strong>diac</strong></span> 
     </span>
     <span class='ocr_line' id='line_1_29' title="bbox 13 1661 812 1705; baseline 0 -10"><span class='ocrx_word' id='word_1_220' title='bbox 13 1685 18 1689; x_wconf 88' lang='lat'><em>-</em></span> <span class='ocrx_word' id='word_1_221' title='bbox 58 1664 209 1705; x_wconf 79' lang='lat' dir='ltr'><strong>uterque</strong></span> <span class='ocrx_word' id='word_1_222' title='bbox 231 1662 324 1705; x_wconf 79' lang='lat' dir='ltr'><strong>pari</strong></span> <span class='ocrx_word' id='word_1_223' title='bbox 348 1661 459 1705; x_wconf 76' lang='lat' dir='ltr'><strong>culpa</strong></span> <span class='ocrx_word' id='word_1_224' title='bbox 483 1661 631 1695; x_wconf 78' lang='lat' dir='ltr'><strong>meritas</strong></span> <span class='ocrx_word' id='word_1_225' title='bbox 659 1661 812 1695; x_wconf 78' lang='lat' dir='ltr'><strong>adversa</strong></span> 
     </span>
     <span class='ocr_line' id='line_1_30' title="bbox 57 1709 428 1753; baseline 0 -10"><span class='ocrx_word' id='word_1_226' title='bbox 57 1709 246 1753; x_wconf 74' lang='lat' dir='ltr'><strong>prosperis</strong></span> <span class='ocrx_word' id='word_1_227' title='bbox 271 1709 428 1752; x_wconf 82' lang='lat' dir='ltr'><strong>defuere.</strong></span> 
     </span>
    </p>

    <p class='ocr_par' dir='ltr' id='par_1_10' title="bbox 55 1754 815 1848">
     <span class='ocr_line' id='line_1_31' title="bbox 110 1754 815 1802; baseline 0 -12"><span class='ocrx_word' id='word_1_228' title='bbox 110 1760 166 1791; x_wconf 90' lang='lat'><strong>17.</strong></span> <span class='ocrx_word' id='word_1_229' title='bbox 190 1755 395 1802; x_wconf 77' lang='lat' dir='ltr'><strong>peractum]</strong></span> <span class='ocrx_word' id='word_1_230' title='bbox 427 1757 520 1790; x_wconf 64' lang='lat' dir='ltr'><strong>stati,</strong></span> <span class='ocrx_word' id='word_1_231' title='bbox 547 1755 611 1790; x_wconf 89' lang='lat' dir='ltr'><strong>des</strong></span> <span class='ocrx_word' id='word_1_232' title='bbox 638 1754 815 1801; x_wconf 71' lang='lat' dir='ltr'><strong>gewohn-</strong></span> 
     </span>
     <span class='ocr_line' id='line_1_32' title="bbox 55 1803 760 1848; baseline -0.001 -10"><span class='ocrx_word' id='word_1_233' title='bbox 55 1803 181 1838; x_wconf 89' lang='lat' dir='ltr'><strong>lichen</strong></span> <span class='ocrx_word' id='word_1_234' title='bbox 207 1803 408 1847; x_wconf 77' lang='lat' dir='ltr'><strong>confectum</strong></span> <span class='ocrx_word' id='word_1_235' title='bbox 436 1804 527 1838; x_wconf 83' lang='lat' dir='ltr'><strong>oder</strong></span> <span class='ocrx_word' id='word_1_236' title='bbox 547 1804 760 1848; x_wconf 77' lang='lat' dir='ltr'><strong>perfeetum.</strong></span> 
     </span>
    </p>

    <p class='ocr_par' dir='ltr' id='par_1_11' title="bbox 57 1851 817 1990">
     <span class='ocr_line' id='line_1_33' title="bbox 104 1851 817 1897; baseline 0 -12"><span class='ocrx_word' id='word_1_237' title='bbox 104 1851 341 1897; x_wconf 74' lang='lat' dir='ltr'><strong>insiy‘nivere]</strong></span> <span class='ocrx_word' id='word_1_238' title='bbox 366 1851 557 1886; x_wconf 68' lang='lat' dir='ltr'><strong>‘machten</strong></span> <span class='ocrx_word' id='word_1_239' title='bbox 575 1851 817 1886; x_wconf 69' lang='lat' dir='ltr'><strong>hemel-kens-</strong></span> 
     </span>
     <span class='ocr_line' id='line_1_34' title="bbox 57 1898 816 1944; baseline -0.001 -11"><span class='ocrx_word' id='word_1_240' title='bbox 57 1898 164 1933; x_wconf 81' lang='lat' dir='ltr'><strong>wert’</strong></span> <span class='ocrx_word' id='word_1_241' title='bbox 212 1908 344 1944; x_wconf 87' lang='lat' dir='ltr'><strong>wegen</strong></span> <span class='ocrx_word' id='word_1_242' title='bbox 389 1899 454 1933; x_wconf 89' lang='lat' dir='ltr'><strong>der</strong></span> <span class='ocrx_word' id='word_1_243' title='bbox 493 1899 714 1933; x_wconf 81' lang='lat' dir='ltr'><strong>Metzeleien</strong></span> <span class='ocrx_word' id='word_1_244' title='bbox 741 1899 816 1932; x_wconf 89' lang='lat' dir='ltr'><strong>und</strong></span> 
     </span>
     <span class='ocr_line' id='line_1_35' title="bbox 61 1945 624 1990; baseline 0 -11"><span class='ocrx_word' id='word_1_245' title='bbox 61 1945 127 1980; x_wconf 85' lang='lat' dir='ltr'><strong>des</strong></span> <span class='ocrx_word' id='word_1_246' title='bbox 153 1945 320 1980; x_wconf 83' lang='lat' dir='ltr'><strong>Brandes</strong></span> <span class='ocrx_word' id='word_1_247' title='bbox 347 1946 411 1980; x_wconf 88' lang='lat' dir='ltr'><strong>des</strong></span> <span class='ocrx_word' id='word_1_248' title='bbox 437 1945 624 1990; x_wconf 79' lang='lat' dir='ltr'><strong>Kapitols.</strong></span> 
     </span>
    </p>

    <p class='ocr_par' dir='ltr' id='par_1_12' title="bbox 56 1992 817 2122">
     <span class='ocr_line' id='line_1_36' title="bbox 113 1992 817 2039; baseline -0.003 -11"><span class='ocrx_word' id='word_1_249' title='bbox 113 1997 166 2028; x_wconf 89' lang='lat'><strong>18.</strong></span> <span class='ocrx_word' id='word_1_250' title='bbox 194 1994 413 2028; x_wconf 74' lang='lat' dir='ltr'><strong>transversis</strong></span> <span class='ocrx_word' id='word_1_251' title='bbox 444 1992 656 2039; x_wconf 75' lang='lat' dir='ltr'><strong>itineribus]</strong></span> <span class='ocrx_word' id='word_1_252' title='bbox 695 1993 817 2037; x_wconf 80' lang='lat' dir='ltr'><strong>‘quer-</strong></span> 
     </span>
     <span class='ocr_line' id='line_1_37' title="bbox 56 2039 812 2122; baseline -0.001 -47"><span class='ocrx_word' id='word_1_253' title='bbox 56 2039 227 2122; x_wconf 51' lang='lat' dir='ltr'><strong>ffidein’,</strong></span> <span class='ocrx_word' id='word_1_254' title='bbox 254 2039 324 2075; x_wconf 87' lang='lat' dir='ltr'><strong>wie</strong></span> <span class='ocrx_word' id='word_1_255' title='bbox 351 2039 440 2075; x_wconf 84' lang='lat' dir='ltr'><strong>Sall.</strong></span> <span class='ocrx_word' id='word_1_256' title='bbox 467 2041 546 2085; x_wconf 81' lang='lat' dir='ltr'><strong>lug.</strong></span> <span class='ocrx_word' id='word_1_257' title='bbox 577 2045 640 2084; x_wconf 85' lang='lat'><strong>45,</strong></span> <span class='ocrx_word' id='word_1_258' title='bbox 667 2043 698 2075; x_wconf 87' lang='lat'><strong>2.</strong></span> <span class='ocrx_word' id='word_1_259' title='bbox 733 2040 812 2074; x_wconf 85' lang='lat' dir='ltr'><strong>Liv.</strong></span> 
     </span>
    </p>

    <p class='ocr_par' dir='ltr' id='par_1_13' title="bbox 109 2092 237 2133">
     <span class='ocr_line' id='line_1_38' title="bbox 109 2092 237 2133; baseline 0.008 -10"><span class='ocrx_word' id='word_1_260' title='bbox 109 2116 118 2132; x_wconf 96' lang='lat'><strong>,</strong></span> <span class='ocrx_word' id='word_1_261' title='bbox 146 2092 179 2133; x_wconf 82' lang='lat'><strong>7,</strong></span> <span class='ocrx_word' id='word_1_262' title='bbox 205 2092 237 2124; x_wconf 87' lang='lat'><strong>3.</strong></span> 
     </span>
    </p>

    <p class='ocr_par' dir='ltr' id='par_1_14' title="bbox 58 2135 814 2409">
     <span class='ocr_line' id='line_1_39' title="bbox 107 2135 814 2182; baseline -0.003 -11"><span class='ocrx_word' id='word_1_263' title='bbox 107 2140 161 2170; x_wconf 85' lang='lat'><strong>19.</strong></span> <span class='ocrx_word' id='word_1_264' title='bbox 196 2136 351 2171; x_wconf 84' lang='lat' dir='ltr'><strong>Salaria</strong></span> <span class='ocrx_word' id='word_1_265' title='bbox 388 2135 466 2182; x_wconf 81' lang='lat' dir='ltr'><strong>via]</strong></span> <span class='ocrx_word' id='word_1_266' title='bbox 508 2146 604 2180; x_wconf 83' lang='lat' dir='ltr'><strong>quae</strong></span> <span class='ocrx_word' id='word_1_267' title='bbox 643 2147 665 2170; x_wconf 81' lang='lat' dir='ltr'><strong>a.</strong></span> <span class='ocrx_word' id='word_1_268' title='bbox 704 2137 814 2180; x_wconf 77' lang='lat' dir='ltr'><strong>porta</strong></span> 
     </span>
     <span class='ocr_line' id='line_1_40' title="bbox 64 2181 812 2229; baseline -0.001 -11"><span class='ocrx_word' id='word_1_269' title='bbox 64 2181 210 2218; x_wconf 78' lang='lat' dir='ltr'><strong>Collina,</strong></span> <span class='ocrx_word' id='word_1_270' title='bbox 234 2183 273 2218; x_wconf 89' lang='lat' dir='ltr'><strong>in</strong></span> <span class='ocrx_word' id='word_1_271' title='bbox 297 2194 429 2229; x_wconf 82' lang='lat' dir='ltr'><strong>agrum</strong></span> <span class='ocrx_word' id='word_1_272' title='bbox 457 2183 634 2218; x_wconf 81' lang='lat' dir='ltr'><strong>Sabinum</strong></span> <span class='ocrx_word' id='word_1_273' title='bbox 655 2183 812 2225; x_wconf 78' lang='lat' dir='ltr'><strong>ferebat,</strong></span> 
     </span>
     <span class='ocr_line' id='line_1_41' title="bbox 58 2230 812 2274; baseline 0 -9"><span class='ocrx_word' id='word_1_274' title='bbox 58 2242 133 2274; x_wconf 81' lang='lat' dir='ltr'><strong>qua.</strong></span> <span class='ocrx_word' id='word_1_275' title='bbox 164 2232 222 2266; x_wconf 71' lang='lat' dir='ltr'><strong>est</strong></span> <span class='ocrx_word' id='word_1_276' title='bbox 256 2231 367 2266; x_wconf 85' lang='lat' dir='ltr'><strong>hodie</strong></span> <span class='ocrx_word' id='word_1_277' title='bbox 398 2231 514 2266; x_wconf 77' lang='lat' dir='ltr'><strong>Porta.</strong></span> <span class='ocrx_word' id='word_1_278' title='bbox 546 2230 687 2266; x_wconf 80' lang='lat' dir='ltr'><strong>Salara.</strong></span> <span class='ocrx_word' id='word_1_279' title='bbox 738 2230 812 2265; x_wconf 88' lang='lat' dir='ltr'><strong>No-</strong></span> 
     </span>
     <span class='ocr_line' id='line_1_42' title="bbox 58 2276 812 2314; baseline 0 -2"><span class='ocrx_word' id='word_1_280' title='bbox 58 2289 144 2313; x_wconf 89' lang='lat' dir='ltr'><strong>men</strong></span> <span class='ocrx_word' id='word_1_281' title='bbox 175 2279 325 2314; x_wconf 80' lang='lat' dir='ltr'><strong>duxisse</strong></span> <span class='ocrx_word' id='word_1_282' title='bbox 357 2278 506 2314; x_wconf 81' lang='lat' dir='ltr'><strong>videtur</strong></span> <span class='ocrx_word' id='word_1_283' title='bbox 540 2290 563 2313; x_wconf 87' lang='lat' dir='ltr'><strong>a</strong></span> <span class='ocrx_word' id='word_1_284' title='bbox 589 2279 666 2313; x_wconf 84' lang='lat' dir='ltr'><strong>sale</strong></span> <span class='ocrx_word' id='word_1_285' title='bbox 698 2276 812 2312; x_wconf 81' lang='lat' dir='ltr'><strong>mari-</strong></span> 
     </span>
     <span class='ocr_line' id='line_1_43' title="bbox 58 2324 812 2370; baseline 0 -11"><span class='ocrx_word' id='word_1_286' title='bbox 58 2324 166 2369; x_wconf 75' lang='lat' dir='ltr'><strong>timo,</strong></span> <span class='ocrx_word' id='word_1_287' title='bbox 192 2337 304 2370; x_wconf 86' lang='lat' dir='ltr'><strong>quem</strong></span> <span class='ocrx_word' id='word_1_288' title='bbox 329 2325 401 2361; x_wconf 85' lang='lat' dir='ltr'><strong>hac</strong></span> <span class='ocrx_word' id='word_1_289' title='bbox 422 2327 483 2361; x_wconf 77' lang='lat' dir='ltr'><strong>via.</strong></span> <span class='ocrx_word' id='word_1_290' title='bbox 504 2325 635 2361; x_wconf 75' lang='lat' dir='ltr'><strong>Sabini</strong></span> <span class='ocrx_word' id='word_1_291' title='bbox 660 2326 812 2361; x_wconf 87' lang='lat' dir='ltr'><strong>domum</strong></span> 
     </span>
     <span class='ocr_line' id='line_1_44' title="bbox 61 2372 309 2409; baseline 0.012 -3"><span class='ocrx_word' id='word_1_292' title='bbox 61 2372 309 2409; x_wconf 77' lang='lat' dir='ltr'><strong>advehebant.</strong></span> 
     </span>
    </p>

    <p class='ocr_par' dir='ltr' id='par_1_15' title="bbox 109 2421 812 2466">
     <span class='ocr_line' id='line_1_45' title="bbox 109 2421 812 2466; baseline 0.001 -11"><span class='ocrx_word' id='word_1_293' title='bbox 109 2424 166 2457; x_wconf 88' lang='grc'><strong>20.</strong></span> <span class='ocrx_word' id='word_1_294' title='bbox 194 2422 312 2456; x_wconf 80' lang='lat' dir='ltr'><strong>excire</strong></span> <span class='ocrx_word' id='word_1_295' title='bbox 340 2421 394 2455; x_wconf 77' lang='lat' dir='ltr'><strong>‘in</strong></span> <span class='ocrx_word' id='word_1_296' title='bbox 414 2421 631 2466; x_wconf 85' lang='lat' dir='ltr'><strong>Bewegung</strong></span> <span class='ocrx_word' id='word_1_297' title='bbox 657 2421 812 2456; x_wconf 77' lang='lat' dir='ltr'><strong>setzen’.</strong></span> 
     </span>
    </p>

    <p class='ocr_par' dir='ltr' id='par_1_16' title="bbox 59 2468 813 2561">
     <span class='ocr_line' id='line_1_46' title="bbox 109 2468 813 2514; baseline 0.001 -12"><span class='ocrx_word' id='word_1_298' title='bbox 109 2468 170 2504; x_wconf 77' lang='lat'><strong>79.</strong></span> <span class='ocrx_word' id='word_1_299' title='bbox 199 2473 229 2503; x_wconf 94' lang='grc'><strong>1.</strong></span> <span class='ocrx_word' id='word_1_300' title='bbox 251 2480 322 2514; x_wconf 78' lang='lat' dir='ltr'><strong>per</strong></span> <span class='ocrx_word' id='word_1_301' title='bbox 346 2468 596 2514; x_wconf 78' lang='lat' dir='ltr'><strong>Flaminiam]</strong></span> <span class='ocrx_word' id='word_1_302' title='bbox 627 2480 675 2503; x_wconf 86' lang='lat' dir='ltr'><strong>sc.</strong></span> <span class='ocrx_word' id='word_1_303' title='bbox 700 2469 813 2513; x_wconf 86' lang='lat' dir='ltr'><strong>viam,</strong></span> 
     </span>
     <span class='ocr_line' id='line_1_47' title="bbox 59 2515 574 2561; baseline 0 -12"><span class='ocrx_word' id='word_1_304' title='bbox 59 2515 130 2550; x_wconf 85' lang='lat' dir='ltr'><strong>wie</strong></span> <span class='ocrx_word' id='word_1_305' title='bbox 156 2527 186 2551; x_wconf 85' lang='lat' dir='ltr'><strong>c.</strong></span> <span class='ocrx_word' id='word_1_306' title='bbox 214 2519 259 2551; x_wconf 86' lang='lat'><strong>82</strong></span> <span class='ocrx_word' id='word_1_307' title='bbox 279 2527 350 2561; x_wconf 75' lang='lat' dir='ltr'><strong>per</strong></span> <span class='ocrx_word' id='word_1_308' title='bbox 375 2516 574 2551; x_wconf 81' lang='lat' dir='ltr'><strong>Salariam.</strong></span> 
     </span>
    </p>

    <p class='ocr_par' dir='ltr' id='par_1_17' title="bbox 66 2562 813 2694">
     <span class='ocr_line' id='line_1_48' title="bbox 109 2562 813 2609; baseline 0 -11"><span class='ocrx_word' id='word_1_309' title='bbox 109 2562 215 2598; x_wconf 78' lang='lat' dir='ltr'><strong>Saxa</strong></span> <span class='ocrx_word' id='word_1_310' title='bbox 234 2563 367 2609; x_wconf 83' lang='lat' dir='ltr'><strong>rubra]</strong></span> <span class='ocrx_word' id='word_1_311' title='bbox 390 2563 459 2599; x_wconf 72' lang='lat' dir='ltr'><strong>Ort</strong></span> <span class='ocrx_word' id='word_1_312' title='bbox 478 2564 517 2598; x_wconf 88' lang='lat' dir='ltr'><strong>in</strong></span> <span class='ocrx_word' id='word_1_313' title='bbox 536 2563 724 2607; x_wconf 77' lang='lat' dir='ltr'><strong>Etrurien,</strong></span> <span class='ocrx_word' id='word_1_314' title='bbox 752 2574 813 2598; x_wconf 82' lang='lat' dir='ltr'><strong>am</strong></span> 
     </span>
     <span class='ocr_line' id='line_1_49' title="bbox 66 2610 810 2656; baseline 0.004 -12"><span class='ocrx_word' id='word_1_315' title='bbox 66 2610 219 2646; x_wconf 82' lang='lat' dir='ltr'><strong>rechten</strong></span> <span class='ocrx_word' id='word_1_316' title='bbox 243 2610 438 2646; x_wconf 85' lang='lat' dir='ltr'><strong>Tiberufer</strong></span> <span class='ocrx_word' id='word_1_317' title='bbox 469 2612 646 2656; x_wconf 85' lang='lat' dir='ltr'><strong>gelegen,</strong></span> <span class='ocrx_word' id='word_1_318' title='bbox 674 2615 694 2645; x_wconf 88' lang='lat'>6</span> <span class='ocrx_word' id='word_1_319' title='bbox 721 2615 810 2648; x_wconf 72' lang='lat' dir='ltr'><strong>rom.</strong></span> 
     </span>
     <span class='ocr_line' id='line_1_50' title="bbox 66 2657 624 2694; baseline 0.002 -3"><span class='ocrx_word' id='word_1_320' title='bbox 66 2657 205 2692; x_wconf 88' lang='lat' dir='ltr'><strong>Meilen</strong></span> <span class='ocrx_word' id='word_1_321' title='bbox 229 2670 303 2694; x_wconf 87' lang='lat' dir='ltr'><strong>von</strong></span> <span class='ocrx_word' id='word_1_322' title='bbox 328 2659 424 2693; x_wconf 84' lang='lat' dir='ltr'><strong>Rom</strong></span> <span class='ocrx_word' id='word_1_323' title='bbox 451 2659 624 2693; x_wconf 77' lang='lat' dir='ltr'><strong>entsernt.</strong></span> 
     </span>
    </p>

    <p class='ocr_par' dir='ltr' id='par_1_18' title="bbox 63 2705 814 2892">
     <span class='ocr_line' id='line_1_51' title="bbox 106 2705 814 2757; baseline 0 -17"><span class='ocrx_word' id='word_1_324' title='bbox 106 2706 222 2757; x_wconf 63' lang='lat' dir='ltr'><strong>ynulto</strong></span> <span class='ocrx_word' id='word_1_325' title='bbox 258 2706 392 2752; x_wconf 80' lang='lat' dir='ltr'><strong>noc-tis]</strong></span> <span class='ocrx_word' id='word_1_326' title='bbox 433 2718 496 2740; x_wconf 86' lang='lat' dir='ltr'><strong>zur</strong></span> <span class='ocrx_word' id='word_1_327' title='bbox 532 2705 814 2751; x_wconf 86' lang='lat' dir='ltr'><strong>Abwechslung</strong></span> 
     </span>
     <span class='ocr_line' id='line_1_52' title="bbox 63 2752 813 2798; baseline 0.004 -13"><span class='ocrx_word' id='word_1_328' title='bbox 63 2752 135 2786; x_wconf 77' lang='lat' dir='ltr'><strong>m1t</strong></span> <span class='ocrx_word' id='word_1_329' title='bbox 158 2754 276 2788; x_wconf 82' lang='lat' dir='ltr'><strong>malta</strong></span> <span class='ocrx_word' id='word_1_330' title='bbox 299 2758 402 2788; x_wconf 74' lang='lat' dir='ltr'><strong>‘noete</strong></span> <span class='ocrx_word' id='word_1_331' title='bbox 429 2755 473 2798; x_wconf 91' lang='lat' dir='ltr'><strong>(c.</strong></span> <span class='ocrx_word' id='word_1_332' title='bbox 502 2757 558 2795; x_wconf 95' lang='lat'><strong>77,</strong></span> <span class='ocrx_word' id='word_1_333' title='bbox 585 2755 635 2798; x_wconf 88' lang='grc'>2),</span> <span class='ocrx_word' id='word_1_334' title='bbox 667 2754 736 2788; x_wconf 81' lang='lat' dir='ltr'><strong>wie</strong></span> <span class='ocrx_word' id='word_1_335' title='bbox 763 2755 813 2789; x_wconf 79' lang='lat' dir='ltr'><strong>ad</strong></span> 
     </span>
     <span class='ocr_line' id='line_1_53' title="bbox 64 2800 811 2846; baseline 0.003 -13"><span class='ocrx_word' id='word_1_336' title='bbox 64 2800 219 2841; x_wconf 79' lang='lat' dir='ltr'><strong>multum</strong></span> <span class='ocrx_word' id='word_1_337' title='bbox 244 2801 319 2836; x_wconf 86' lang='lat' dir='ltr'><strong>diei</strong></span> <span class='ocrx_word' id='word_1_338' title='bbox 346 2800 438 2845; x_wconf 91' lang='lat' dir='ltr'><strong>(Liv.</strong></span> <span class='ocrx_word' id='word_1_339' title='bbox 466 2800 510 2844; x_wconf 88' lang='lat' dir='ltr'><strong>X,</strong></span> <span class='ocrx_word' id='word_1_340' title='bbox 537 2804 601 2843; x_wconf 88' lang='lat'><strong>32,</strong></span> <span class='ocrx_word' id='word_1_341' title='bbox 637 2804 668 2834; x_wconf 85' lang='lat'><strong>6.</strong></span> <span class='ocrx_word' id='word_1_342' title='bbox 695 2801 811 2846; x_wconf 88' lang='lat' dir='ltr'><strong>XXII,</strong></span> 
     </span>
     <span class='ocr_line' id='line_1_54' title="bbox 63 2847 811 2892; baseline 0.004 -12"><span class='ocrx_word' id='word_1_343' title='bbox 63 2848 120 2890; x_wconf 85' lang='lat'><strong>45,</strong></span> <span class='ocrx_word' id='word_1_344' title='bbox 142 2848 188 2892; x_wconf 91' lang='lat'><strong>1),</strong></span> <span class='ocrx_word' id='word_1_345' title='bbox 214 2848 256 2882; x_wconf 72' lang='lat' dir='ltr'><strong>iri</strong></span> <span class='ocrx_word' id='word_1_346' title='bbox 276 2849 431 2883; x_wconf 78' lang='lat' dir='ltr'><strong>multam</strong></span> <span class='ocrx_word' id='word_1_347' title='bbox 452 2849 526 2882; x_wconf 82' lang='lat' dir='ltr'><strong>diei</strong></span> <span class='ocrx_word' id='word_1_348' title='bbox 545 2847 638 2892; x_wconf 79' lang='lat' dir='ltr'><strong>(Liv.</strong></span> <span class='ocrx_word' id='word_1_349' title='bbox 659 2848 811 2892; x_wconf 87' lang='lat' dir='ltr'><strong>XXVII,</strong></span> 
     </span>
    </p>

    <p class='ocr_par' dir='ltr' id='par_1_19' title="bbox 62 2894 812 2942">
     <span class='ocr_line' id='line_1_55' title="bbox 62 2894 812 2942; baseline 0.007 -15"><span class='ocrx_word' id='word_1_350' title='bbox 62 2896 96 2938; x_wconf 85' lang='lat'><strong>2,</strong></span> <span class='ocrx_word' id='word_1_351' title='bbox 121 2896 170 2938; x_wconf 86' lang='lat'><strong>9),</strong></span> <span class='ocrx_word' id='word_1_352' title='bbox 198 2906 323 2942; x_wconf 35' lang='lat' dir='ltr'><strong>,serum</strong></span> <span class='ocrx_word' id='word_1_353' title='bbox 355 2896 429 2931; x_wconf 83' lang='lat' dir='ltr'><strong>diei</strong></span> <span class='ocrx_word' id='word_1_354' title='bbox 461 2894 554 2940; x_wconf 77' lang='lat' dir='ltr'><strong>(Liv.</strong></span> <span class='ocrx_word' id='word_1_355' title='bbox 587 2895 677 2941; x_wconf 91' lang='lat' dir='ltr'><strong>VII,</strong></span> <span class='ocrx_word' id='word_1_356' title='bbox 703 2901 736 2941; x_wconf 90' lang='lat'><strong>8,</strong></span> <span class='ocrx_word' id='word_1_357' title='bbox 764 2897 812 2941; x_wconf 81' lang='lat'><strong>5),</strong></span> 
     </span>
    </p>
   </div>
   <div class='ocr_carea' id='block_1_7' title="bbox 887 1563 1641 1704">
    <p class='ocr_par' dir='ltr' id='par_1_20' title="bbox 887 1563 1641 1704">
     <span class='ocr_line' id='line_1_56' title="bbox 888 1563 1641 1607; baseline -0.003 -9"><span class='ocrx_word' id='word_1_358' title='bbox 888 1564 931 1598; x_wconf 91' lang='lat' dir='ltr'><strong>H.</strong></span> <span class='ocrx_word' id='word_1_359' title='bbox 945 1563 973 1602; x_wconf 84' lang='grc' dir='ltr'>Ι,</span> <span class='ocrx_word' id='word_1_360' title='bbox 995 1568 1050 1606; x_wconf 87' lang='grc'><strong>62,</strong></span> <span class='ocrx_word' id='word_1_361' title='bbox 1068 1567 1098 1599; x_wconf 92' lang='grc'><strong>7.</strong></span> <span class='ocrx_word' id='word_1_362' title='bbox 1111 1564 1174 1606; x_wconf 90' lang='grc' dir='ltr'>ΙΙΙ,</span> <span class='ocrx_word' id='word_1_363' title='bbox 1192 1568 1246 1606; x_wconf 93' lang='grc'>11,</span> <span class='ocrx_word' id='word_1_364' title='bbox 1263 1565 1311 1607; x_wconf 84' lang='grc'>3),</span> <span class='ocrx_word' id='word_1_365' title='bbox 1332 1564 1448 1597; x_wconf 83' lang='lat' dir='ltr'><strong>medio</strong></span> <span class='ocrx_word' id='word_1_366' title='bbox 1467 1563 1641 1607; x_wconf 73' lang='lat' dir='ltr'><strong>temporis</strong></span> 
     </span>
     <span class='ocr_line' id='line_1_57' title="bbox 888 1610 1640 1655; baseline 0 -10"><span class='ocrx_word' id='word_1_367' title='bbox 888 1613 943 1655; x_wconf 88' lang='lat' dir='ltr'><strong>(A.</strong></span> <span class='ocrx_word' id='word_1_368' title='bbox 972 1611 1068 1654; x_wconf 82' lang='lat' dir='ltr'><strong>XIV,</strong></span> <span class='ocrx_word' id='word_1_369' title='bbox 1105 1612 1175 1654; x_wconf 86' lang='lat'><strong>53).</strong></span> <span class='ocrx_word' id='word_1_370' title='bbox 1215 1610 1250 1645; x_wconf 82' lang='lat' dir='ltr'><strong>S.</strong></span> <span class='ocrx_word' id='word_1_371' title='bbox 1277 1610 1536 1655; x_wconf 65' lang='lat' dir='ltr'><strong>Nagelsbaoh,</strong></span> <span class='ocrx_word' id='word_1_372' title='bbox 1572 1610 1640 1646; x_wconf 74' lang='lat' dir='ltr'><strong>lat.</strong></span> 
     </span>
     <span class='ocr_line' id='line_1_58' title="bbox 887 1657 1638 1704; baseline -0.001 -10"><span class='ocrx_word' id='word_1_373' title='bbox 887 1659 967 1694; x_wconf 80' lang='lat' dir='ltr'><strong>Stil.</strong></span> <span class='ocrx_word' id='word_1_374' title='bbox 985 1664 1003 1701; x_wconf 65' lang='grc' dir='ltr'>ξ</span> <span class='ocrx_word' id='word_1_375' title='bbox 1018 1663 1109 1702; x_wconf 81' lang='lat' dir='ltr'><strong>23,a..</strong></span> <span class='ocrx_word' id='word_1_376' title='bbox 1126 1659 1277 1704; x_wconf 86' lang='lat' dir='ltr'><strong>Berger,</strong></span> <span class='ocrx_word' id='word_1_377' title='bbox 1293 1661 1358 1694; x_wconf 81' lang='lat' dir='ltr'><strong>lat.</strong></span> <span class='ocrx_word' id='word_1_378' title='bbox 1377 1657 1448 1692; x_wconf 74' lang='lat' dir='ltr'><strong>Stil</strong></span> <span class='ocrx_word' id='word_1_379' title='bbox 1459 1661 1477 1700; x_wconf 68' lang='grc' dir='ltr'>ξ</span> <span class='ocrx_word' id='word_1_380' title='bbox 1490 1662 1545 1702; x_wconf 88' lang='grc'>13,</span> <span class='ocrx_word' id='word_1_381' title='bbox 1561 1658 1638 1700; x_wconf 84' lang='grc'>3,(1.</span> 
     </span>
    </p>
   </div>
   <div class='ocr_carea' id='block_1_8' title="bbox 883 1706 1386 1752">
    <p class='ocr_par' dir='ltr' id='par_1_21' title="bbox 883 1706 1386 1752">
     <span class='ocr_line' id='line_1_59' title="bbox 883 1706 1386 1752; baseline 0.002 -12"><span class='ocrx_word' id='word_1_382' title='bbox 883 1706 1062 1752; x_wconf 78' lang='lat' dir='ltr'><strong>Draeger,</strong></span> <span class='ocrx_word' id='word_1_383' title='bbox 1090 1707 1194 1751; x_wconf 75' lang='lat' dir='ltr'><strong>Synt.</strong></span> <span class='ocrx_word' id='word_1_384' title='bbox 1222 1710 1241 1749; x_wconf 67' lang='grc' dir='ltr'>ἓ</span> <span class='ocrx_word' id='word_1_385' title='bbox 1270 1711 1326 1750; x_wconf 85' lang='grc'>66,</span> <span class='ocrx_word' id='word_1_386' title='bbox 1354 1717 1386 1741; x_wconf 79' lang='lat' dir='ltr'><strong>a.</strong></span> 
     </span>
    </p>
   </div>
   <div class='ocr_carea' id='block_1_9' title="bbox 884 1754 1639 2930">
    <p class='ocr_par' dir='ltr' id='par_1_22' title="bbox 939 1754 1387 1790">
     <span class='ocr_line' id='line_1_60' title="bbox 939 1754 1387 1790; baseline -0.002 -1"><span class='ocrx_word' id='word_1_387' title='bbox 939 1759 970 1790; x_wconf 88' lang='lat'><strong>6.</strong></span> <span class='ocrx_word' id='word_1_388' title='bbox 1003 1766 1107 1789; x_wconf 81' lang='lat' dir='ltr'><strong>ruere</strong></span> <span class='ocrx_word' id='word_1_389' title='bbox 1135 1754 1387 1789; x_wconf 81' lang='lat' dir='ltr'><strong>‘losstiirzen’.</strong></span> 
     </span>
    </p>

    <p class='ocr_par' dir='ltr' id='par_1_23' title="bbox 890 1800 1636 1892">
     <span class='ocr_line' id='line_1_61' title="bbox 940 1800 1636 1845; baseline -0.003 -9"><span class='ocrx_word' id='word_1_390' title='bbox 940 1806 972 1839; x_wconf 90' lang='lat'><strong>7.</strong></span> <span class='ocrx_word' id='word_1_391' title='bbox 999 1803 1171 1845; x_wconf 74' lang='lat' dir='ltr'><strong>aedificia</strong></span> <span class='ocrx_word' id='word_1_392' title='bbox 1199 1801 1406 1843; x_wconf 72' lang='lat' dir='ltr'><strong>‘Gehofte’‚</strong></span> <span class='ocrx_word' id='word_1_393' title='bbox 1432 1800 1503 1834; x_wconf 82' lang='lat' dir='ltr'><strong>wie</strong></span> <span class='ocrx_word' id='word_1_394' title='bbox 1531 1800 1636 1835; x_wconf 79' lang='lat' dir='ltr'><strong>Caes.</strong></span> 
     </span>
     <span class='ocr_line' id='line_1_62' title="bbox 890 1848 1590 1892; baseline -0.004 -8"><span class='ocrx_word' id='word_1_395' title='bbox 890 1851 924 1884; x_wconf 86' lang='lat' dir='ltr'><strong>b.</strong></span> <span class='ocrx_word' id='word_1_396' title='bbox 953 1850 994 1884; x_wconf 78' lang='lat' dir='ltr'><strong>G.</strong></span> <span class='ocrx_word' id='word_1_397' title='bbox 1023 1849 1049 1892; x_wconf 75' lang='grc' dir='ltr'>Ι,</span> <span class='ocrx_word' id='word_1_398' title='bbox 1078 1853 1109 1892; x_wconf 84' lang='lat'><strong>5,</strong></span> <span class='ocrx_word' id='word_1_399' title='bbox 1137 1853 1170 1883; x_wconf 83' lang='lat'><strong>2.</strong></span> <span class='ocrx_word' id='word_1_400' title='bbox 1196 1848 1259 1891; x_wconf 77' lang='lat' dir='ltr'><strong>IV,</strong></span> <span class='ocrx_word' id='word_1_401' title='bbox 1286 1852 1320 1892; x_wconf 75' lang='lat'><strong>4,</strong></span> <span class='ocrx_word' id='word_1_402' title='bbox 1348 1852 1379 1882; x_wconf 86' lang='lat'><strong>2.</strong></span> <span class='ocrx_word' id='word_1_403' title='bbox 1408 1848 1469 1890; x_wconf 86' lang='lat' dir='ltr'><strong>VI,</strong></span> <span class='ocrx_word' id='word_1_404' title='bbox 1498 1851 1530 1891; x_wconf 85' lang='lat'><strong>6,</strong></span> <span class='ocrx_word' id='word_1_405' title='bbox 1560 1852 1590 1882; x_wconf 90' lang='lat'><strong>1.</strong></span> 
     </span>
    </p>

    <p class='ocr_par' dir='ltr' id='par_1_24' title="bbox 892 1895 1639 1987">
     <span class='ocr_line' id='line_1_63' title="bbox 939 1895 1639 1942; baseline -0.003 -10"><span class='ocrx_word' id='word_1_406' title='bbox 939 1900 971 1932; x_wconf 85' lang='lat'><strong>8.</strong></span> <span class='ocrx_word' id='word_1_407' title='bbox 1010 1897 1147 1942; x_wconf 67' lang='lat' dir='ltr'><strong>quara]</strong></span> <span class='ocrx_word' id='word_1_408' title='bbox 1190 1895 1401 1942; x_wconf 81' lang='lat' dir='ltr'><strong>passivisch</strong></span> <span class='ocrx_word' id='word_1_409' title='bbox 1442 1895 1502 1929; x_wconf 75' lang='lat' dir='ltr'><strong>fiir</strong></span> <span class='ocrx_word' id='word_1_410' title='bbox 1539 1899 1639 1937; x_wconf 70' lang='lat' dir='ltr'><strong>nota,</strong></span> 
     </span>
     <span class='ocr_line' id='line_1_64' title="bbox 892 1942 1637 1987; baseline 0 -9"><span class='ocrx_word' id='word_1_411' title='bbox 892 1945 962 1978; x_wconf 81' lang='lat' dir='ltr'><strong>wie</strong></span> <span class='ocrx_word' id='word_1_412' title='bbox 978 1944 1021 1987; x_wconf 84' lang='lat' dir='ltr'><strong>V,</strong></span> <span class='ocrx_word' id='word_1_413' title='bbox 1051 1949 1106 1987; x_wconf 92' lang='lat'><strong>17,</strong></span> <span class='ocrx_word' id='word_1_414' title='bbox 1124 1948 1144 1979; x_wconf 85' lang='lat'>9</span> <span class='ocrx_word' id='word_1_415' title='bbox 1160 1943 1236 1978; x_wconf 84' lang='lat' dir='ltr'><strong>und</strong></span> <span class='ocrx_word' id='word_1_416' title='bbox 1253 1948 1295 1978; x_wconf 88' lang='lat'><strong>10</strong></span> <span class='ocrx_word' id='word_1_417' title='bbox 1311 1943 1439 1978; x_wconf 83' lang='lat' dir='ltr'><strong>malin</strong></span> <span class='ocrx_word' id='word_1_418' title='bbox 1454 1942 1527 1977; x_wconf 84' lang='lat' dir='ltr'><strong>den</strong></span> <span class='ocrx_word' id='word_1_419' title='bbox 1540 1942 1637 1978; x_wconf 88' lang='lat' dir='ltr'><strong>Ann.</strong></span> 
     </span>
    </p>

    <p class='ocr_par' dir='ltr' id='par_1_25' title="bbox 886 1990 1639 2275">
     <span class='ocr_line' id='line_1_65' title="bbox 943 1990 1637 2036; baseline -0.003 -10"><span class='ocrx_word' id='word_1_420' title='bbox 943 1996 996 2027; x_wconf 88' lang='lat'><strong>11.</strong></span> <span class='ocrx_word' id='word_1_421' title='bbox 1011 1993 1119 2035; x_wconf 81' lang='lat' dir='ltr'><strong>foeda</strong></span> <span class='ocrx_word' id='word_1_422' title='bbox 1131 1993 1224 2036; x_wconf 73' lang='lat' dir='ltr'><strong>fuya</strong></span> <span class='ocrx_word' id='word_1_423' title='bbox 1235 1990 1531 2035; x_wconf 66' lang='lat' dir='ltr'><strong>consternantur]</strong></span> <span class='ocrx_word' id='word_1_424' title='bbox 1551 1990 1637 2025; x_wconf 81' lang='lat' dir='ltr'><strong>‘von</strong></span> 
     </span>
     <span class='ocr_line' id='line_1_66' title="bbox 887 2037 1638 2082; baseline 0 -10"><span class='ocrx_word' id='word_1_425' title='bbox 887 2038 1089 2074; x_wconf 80' lang='lat' dir='ltr'><strong>Entsetzen</strong></span> <span class='ocrx_word' id='word_1_426' title='bbox 1155 2038 1331 2082; x_wconf 85' lang='lat' dir='ltr'><strong>ergriffen</strong></span> <span class='ocrx_word' id='word_1_427' title='bbox 1392 2037 1517 2072; x_wconf 87' lang='lat' dir='ltr'><strong>flohen</strong></span> <span class='ocrx_word' id='word_1_428' title='bbox 1585 2037 1638 2072; x_wconf 87' lang='lat' dir='ltr'><strong>sie</strong></span> 
     </span>
     <span class='ocr_line' id='line_1_67' title="bbox 888 2084 1637 2131; baseline -0.001 -10"><span class='ocrx_word' id='word_1_429' title='bbox 888 2086 1150 2121; x_wconf 68' lang='lat' dir='ltr'><strong>schmi‘ihlich&#39;.</strong></span> <span class='ocrx_word' id='word_1_430' title='bbox 1202 2085 1242 2120; x_wconf 83' lang='lat' dir='ltr'><strong><em>F</em></strong></span> <span class='ocrx_word' id='word_1_431' title='bbox 1242 2087 1331 2120; x_wconf 81' lang='lat' dir='ltr'><strong>oecla</strong></span> <span class='ocrx_word' id='word_1_432' title='bbox 1355 2086 1448 2131; x_wconf 75' lang='lat' dir='ltr'><strong>fuya</strong></span> <span class='ocrx_word' id='word_1_433' title='bbox 1475 2084 1527 2119; x_wconf 76' lang='lat' dir='ltr'><strong>ist</strong></span> <span class='ocrx_word' id='word_1_434' title='bbox 1551 2085 1637 2120; x_wconf 90' lang='lat' dir='ltr'><strong>Abl.</strong></span> 
     </span>
     <span class='ocr_line' id='line_1_68' title="bbox 888 2132 1639 2169; baseline -0.004 0"><span class='ocrx_word' id='word_1_435' title='bbox 888 2135 953 2169; x_wconf 89' lang='lat' dir='ltr'><strong>des</strong></span> <span class='ocrx_word' id='word_1_436' title='bbox 974 2134 1237 2169; x_wconf 78' lang='lat' dir='ltr'><strong>obwaltenden</strong></span> <span class='ocrx_word' id='word_1_437' title='bbox 1258 2132 1494 2167; x_wconf 72' lang='lat' dir='ltr'><strong>Umstandes.</strong></span> <span class='ocrx_word' id='word_1_438' title='bbox 1531 2132 1639 2167; x_wconf 86' lang='lat' dir='ltr'><strong>Ohne</strong></span> 
     </span>
     <span class='ocr_line' id='line_1_69' title="bbox 888 2180 1637 2226; baseline -0.001 -11"><span class='ocrx_word' id='word_1_439' title='bbox 888 2181 954 2217; x_wconf 81' lang='lat' dir='ltr'><strong>das</strong></span> <span class='ocrx_word' id='word_1_440' title='bbox 981 2182 1201 2217; x_wconf 79' lang='lat' dir='ltr'><strong>att-ributive</strong></span> <span class='ocrx_word' id='word_1_441' title='bbox 1228 2181 1407 2226; x_wconf 78' lang='lat' dir='ltr'><strong>Adjektiv</strong></span> <span class='ocrx_word' id='word_1_442' title='bbox 1443 2180 1571 2215; x_wconf 77' lang='lat' dir='ltr'><strong>wiirde</strong></span> <span class='ocrx_word' id='word_1_443' title='bbox 1599 2192 1637 2215; x_wconf 86' lang='lat' dir='ltr'><strong>es</strong></span> 
     </span>
     <span class='ocr_line' id='line_1_70' title="bbox 886 2227 1636 2275; baseline -0.003 -10"><span class='ocrx_word' id='word_1_444' title='bbox 886 2232 928 2265; x_wconf 78' lang='lat' dir='ltr'><strong>in</strong></span> <span class='ocrx_word' id='word_1_445' title='bbox 947 2231 1075 2275; x_wconf 65' lang='lat' dir='ltr'><strong>fuglam</strong></span> <span class='ocrx_word' id='word_1_446' title='bbox 1096 2241 1123 2264; x_wconf 87' lang='lat' dir='ltr'><strong>c.</strong></span> <span class='ocrx_word' id='word_1_447' title='bbox 1145 2228 1300 2271; x_wconf 56' lang='lat' dir='ltr'><strong>heusen,</strong></span> <span class='ocrx_word' id='word_1_448' title='bbox 1329 2228 1398 2262; x_wconf 87' lang='lat' dir='ltr'><strong>wie</strong></span> <span class='ocrx_word' id='word_1_449' title='bbox 1418 2227 1496 2262; x_wconf 82' lang='lat' dir='ltr'><strong>Liv.</strong></span> <span class='ocrx_word' id='word_1_450' title='bbox 1512 2227 1558 2271; x_wconf 90' lang='lat' dir='ltr'><strong>X,</strong></span> <span class='ocrx_word' id='word_1_451' title='bbox 1578 2231 1636 2263; x_wconf 83' lang='lat'><strong>43.</strong></span> 
     </span>
    </p>

    <p class='ocr_par' dir='ltr' id='par_1_26' title="bbox 887 2275 1638 2407">
     <span class='ocr_line' id='line_1_71' title="bbox 938 2275 1638 2321; baseline -0.004 -9"><span class='ocrx_word' id='word_1_452' title='bbox 938 2281 990 2312; x_wconf 86' lang='lat'><strong>12.</strong></span> <span class='ocrx_word' id='word_1_453' title='bbox 1020 2277 1188 2312; x_wconf 76' lang='lat' dir='ltr'><strong>Fidenae</strong></span> <span class='ocrx_word' id='word_1_454' title='bbox 1213 2276 1278 2321; x_wconf 82' lang='lat' dir='ltr'><strong>lag</strong></span> <span class='ocrx_word' id='word_1_455' title='bbox 1305 2287 1365 2310; x_wconf 79' lang='lat' dir='ltr'><strong>am</strong></span> <span class='ocrx_word' id='word_1_456' title='bbox 1391 2275 1520 2310; x_wconf 81' lang='lat' dir='ltr'><strong>linken</strong></span> <span class='ocrx_word' id='word_1_457' title='bbox 1548 2275 1638 2310; x_wconf 87' lang='lat' dir='ltr'><strong>Ufer</strong></span> 
     </span>
     <span class='ocr_line' id='line_1_72' title="bbox 887 2322 1636 2359; baseline -0.004 0"><span class='ocrx_word' id='word_1_458' title='bbox 887 2325 952 2359; x_wconf 88' lang='lat' dir='ltr'><strong>des</strong></span> <span class='ocrx_word' id='word_1_459' title='bbox 979 2324 1108 2359; x_wconf 85' lang='lat' dir='ltr'><strong>Tibers</strong></span> <span class='ocrx_word' id='word_1_460' title='bbox 1135 2336 1183 2359; x_wconf 80' lang='lat' dir='ltr'><strong>an</strong></span> <span class='ocrx_word' id='word_1_461' title='bbox 1209 2325 1274 2359; x_wconf 88' lang='lat' dir='ltr'><strong>der</strong></span> <span class='ocrx_word' id='word_1_462' title='bbox 1300 2323 1362 2358; x_wconf 82' lang='lat' dir='ltr'><strong>via</strong></span> <span class='ocrx_word' id='word_1_463' title='bbox 1382 2322 1528 2358; x_wconf 65' lang='lat' dir='ltr'><strong>Salaria.</strong></span> <span class='ocrx_word' id='word_1_464' title='bbox 1554 2322 1636 2357; x_wconf 85' lang='lat' dir='ltr'><strong>eine</strong></span> 
     </span>
     <span class='ocr_line' id='line_1_73' title="bbox 889 2370 1638 2407; baseline -0.001 -1"><span class='ocrx_word' id='word_1_465' title='bbox 889 2372 1066 2407; x_wconf 82' lang='lat' dir='ltr'><strong>deutsche</strong></span> <span class='ocrx_word' id='word_1_466' title='bbox 1076 2372 1187 2406; x_wconf 84' lang='lat' dir='ltr'><strong>Meile</strong></span> <span class='ocrx_word' id='word_1_467' title='bbox 1205 2370 1439 2406; x_wconf 74' lang='lat' dir='ltr'><strong>nordostlieh</strong></span> <span class='ocrx_word' id='word_1_468' title='bbox 1448 2381 1521 2405; x_wconf 85' lang='lat' dir='ltr'><strong>von</strong></span> <span class='ocrx_word' id='word_1_469' title='bbox 1530 2371 1638 2405; x_wconf 87' lang='lat' dir='ltr'><strong>Rom.</strong></span> 
     </span>
    </p>

    <p class='ocr_par' dir='ltr' id='par_1_27' title="bbox 933 2417 1545 2462">
     <span class='ocr_line' id='line_1_74' title="bbox 933 2417 1545 2462; baseline -0.002 -7"><span class='ocrx_word' id='word_1_470' title='bbox 933 2420 997 2455; x_wconf 85' lang='lat'><strong>80.</strong></span> <span class='ocrx_word' id='word_1_471' title='bbox 1026 2425 1057 2454; x_wconf 88' lang='lat'><strong>2.</strong></span> <span class='ocrx_word' id='word_1_472' title='bbox 1084 2420 1259 2454; x_wconf 82' lang='lat' dir='ltr'><strong>militaris</strong></span> <span class='ocrx_word' id='word_1_473' title='bbox 1287 2417 1545 2462; x_wconf 68' lang='lat' dir='ltr'><strong>‘feldmassig’.</strong></span> 
     </span>
    </p>

    <p class='ocr_par' dir='ltr' id='par_1_28' title="bbox 932 2466 1396 2513">
     <span class='ocr_line' id='line_1_75' title="bbox 932 2466 1396 2513; baseline -0.004 -11"><span class='ocrx_word' id='word_1_474' title='bbox 932 2467 1074 2513; x_wconf 80' lang='lat' dir='ltr'><strong>plures]</strong></span> <span class='ocrx_word' id='word_1_475' title='bbox 1102 2479 1128 2502; x_wconf 81' lang='lat' dir='ltr'><strong>S.</strong></span> <span class='ocrx_word' id='word_1_476' title='bbox 1156 2480 1200 2501; x_wconf 85' lang='lat' dir='ltr'><strong>zu</strong></span> <span class='ocrx_word' id='word_1_477' title='bbox 1226 2466 1253 2510; x_wconf 93' lang='lat' dir='ltr'><strong>I,</strong></span> <span class='ocrx_word' id='word_1_478' title='bbox 1281 2470 1337 2509; x_wconf 85' lang='lat'><strong>83,</strong></span> <span class='ocrx_word' id='word_1_479' title='bbox 1365 2469 1396 2500; x_wconf 84' lang='lat'><strong>2.</strong></span> 
     </span>
    </p>

    <p class='ocr_par' dir='ltr' id='par_1_29' title="bbox 884 2512 1638 2796">
     <span class='ocr_line' id='line_1_76' title="bbox 933 2512 1637 2560; baseline -0.001 -10"><span class='ocrx_word' id='word_1_480' title='bbox 933 2516 1029 2560; x_wconf 80' lang='lat' dir='ltr'><strong>quod</strong></span> <span class='ocrx_word' id='word_1_481' title='bbox 1049 2515 1193 2560; x_wconf 73' lang='lat' dir='ltr'><strong>cuique]</strong></span> <span class='ocrx_word' id='word_1_482' title='bbox 1215 2514 1312 2549; x_wconf 85' lang='lat' dir='ltr'><strong>nach</strong></span> <span class='ocrx_word' id='word_1_483' title='bbox 1332 2514 1417 2548; x_wconf 89' lang='lat' dir='ltr'><strong>dem</strong></span> <span class='ocrx_word' id='word_1_484' title='bbox 1434 2512 1637 2559; x_wconf 78' lang='lat' dir='ltr'><strong>Vorgange</strong></span> 
     </span>
     <span class='ocr_line' id='line_1_77' title="bbox 885 2561 1638 2607; baseline -0.001 -10"><span class='ocrx_word' id='word_1_485' title='bbox 885 2574 960 2597; x_wconf 89' lang='lat' dir='ltr'><strong>von</strong></span> <span class='ocrx_word' id='word_1_486' title='bbox 974 2563 1084 2607; x_wconf 88' lang='lat' dir='ltr'><strong>Verg.</strong></span> <span class='ocrx_word' id='word_1_487' title='bbox 1100 2562 1190 2597; x_wconf 86' lang='lat' dir='ltr'><strong>Aen.</strong></span> <span class='ocrx_word' id='word_1_488' title='bbox 1205 2561 1287 2605; x_wconf 87' lang='lat' dir='ltr'><strong>VII,</strong></span> <span class='ocrx_word' id='word_1_489' title='bbox 1303 2565 1371 2596; x_wconf 84' lang='lat'><strong>507</strong></span> <span class='ocrx_word' id='word_1_490' title='bbox 1392 2562 1488 2606; x_wconf 73' lang='lat' dir='ltr'><strong>quod</strong></span> <span class='ocrx_word' id='word_1_491' title='bbox 1507 2562 1638 2606; x_wconf 78' lang='lat' dir='ltr'><strong>cuique</strong></span> 
     </span>
     <span class='ocr_line' id='line_1_78' title="bbox 884 2609 1636 2655; baseline -0.001 -10"><span class='ocrx_word' id='word_1_492' title='bbox 884 2614 1066 2655; x_wconf 77' lang='lat' dir='ltr'><strong>repertum</strong></span> <span class='ocrx_word' id='word_1_493' title='bbox 1099 2610 1271 2651; x_wconf 74' lang='lat' dir='ltr'><strong>rimanti,</strong></span> <span class='ocrx_word' id='word_1_494' title='bbox 1304 2610 1414 2644; x_wconf 81' lang='lat' dir='ltr'><strong>telum</strong></span> <span class='ocrx_word' id='word_1_495' title='bbox 1438 2610 1499 2644; x_wconf 88' lang='lat' dir='ltr'><strong>ira</strong></span> <span class='ocrx_word' id='word_1_496' title='bbox 1530 2609 1636 2652; x_wconf 82' lang='lat' dir='ltr'><strong>facit.</strong></span> 
     </span>
     <span class='ocr_line' id='line_1_79' title="bbox 885 2656 1636 2702; baseline -0.003 -10"><span class='ocrx_word' id='word_1_497' title='bbox 885 2657 962 2692; x_wconf 91' lang='lat' dir='ltr'><strong>Der</strong></span> <span class='ocrx_word' id='word_1_498' title='bbox 990 2658 1092 2701; x_wconf 85' lang='lat' dir='ltr'><strong>Sing.</strong></span> <span class='ocrx_word' id='word_1_499' title='bbox 1126 2658 1222 2702; x_wconf 78' lang='lat' dir='ltr'><strong>quod</strong></span> <span class='ocrx_word' id='word_1_500' title='bbox 1255 2658 1353 2692; x_wconf 77' lang='lat' dir='ltr'><strong>trotz</strong></span> <span class='ocrx_word' id='word_1_501' title='bbox 1389 2657 1474 2691; x_wconf 86' lang='lat' dir='ltr'><strong>dem</strong></span> <span class='ocrx_word' id='word_1_502' title='bbox 1506 2656 1636 2691; x_wconf 85' lang='lat' dir='ltr'><strong>Plural</strong></span> 
     </span>
     <span class='ocr_line' id='line_1_80' title="bbox 884 2703 1635 2750; baseline -0.003 -10"><span class='ocrx_word' id='word_1_503' title='bbox 884 2706 1005 2750; x_wconf 76' lang='lat' dir='ltr'><strong>raptis</strong></span> <span class='ocrx_word' id='word_1_504' title='bbox 1036 2705 1115 2739; x_wconf 79' lang='lat' dir='ltr'><strong>telis</strong></span> <span class='ocrx_word' id='word_1_505' title='bbox 1150 2705 1199 2739; x_wconf 73' lang='lat' dir='ltr'><strong>ist</strong></span> <span class='ocrx_word' id='word_1_506' title='bbox 1225 2704 1341 2738; x_wconf 83' lang='lat' dir='ltr'><strong>durch</strong></span> <span class='ocrx_word' id='word_1_507' title='bbox 1368 2704 1433 2739; x_wconf 84' lang='lat' dir='ltr'><strong>das</strong></span> <span class='ocrx_word' id='word_1_508' title='bbox 1459 2703 1635 2738; x_wconf 79' lang='lat' dir='ltr'><strong>distribu-</strong></span> 
     </span>
     <span class='ocr_line' id='line_1_81' title="bbox 885 2751 1567 2796; baseline -0.004 -8"><span class='ocrx_word' id='word_1_509' title='bbox 885 2753 962 2788; x_wconf 79' lang='lat' dir='ltr'><strong>tive</strong></span> <span class='ocrx_word' id='word_1_510' title='bbox 987 2752 1198 2787; x_wconf 82' lang='lat' dir='ltr'><strong>Pronomen</strong></span> <span class='ocrx_word' id='word_1_511' title='bbox 1223 2753 1373 2796; x_wconf 74' lang='lat' dir='ltr'><strong>quisque</strong></span> <span class='ocrx_word' id='word_1_512' title='bbox 1397 2751 1567 2796; x_wconf 82' lang='lat' dir='ltr'><strong>bedingt.</strong></span> 
     </span>
    </p>

    <p class='ocr_par' dir='ltr' id='par_1_30' title="bbox 885 2798 1635 2930">
     <span class='ocr_line' id='line_1_82' title="bbox 933 2798 1635 2846; baseline -0.004 -11"><span class='ocrx_word' id='word_1_513' title='bbox 933 2804 966 2834; x_wconf 91' lang='lat'><strong>4.</strong></span> <span class='ocrx_word' id='word_1_514' title='bbox 987 2800 1182 2846; x_wconf 74' lang='lat' dir='ltr'><strong>exercitus]</strong></span> <span class='ocrx_word' id='word_1_515' title='bbox 1203 2799 1278 2834; x_wconf 84' lang='lat' dir='ltr'><strong>Das</strong></span> <span class='ocrx_word' id='word_1_516' title='bbox 1299 2799 1381 2834; x_wconf 87' lang='lat' dir='ltr'><strong>eine</strong></span> <span class='ocrx_word' id='word_1_517' title='bbox 1403 2798 1518 2842; x_wconf 81' lang='lat' dir='ltr'><strong>Corps</strong></span> <span class='ocrx_word' id='word_1_518' title='bbox 1537 2809 1635 2832; x_wconf 83' lang='lat' dir='ltr'><strong>mar-</strong></span> 
     </span>
     <span class='ocr_line' id='line_1_83' title="bbox 887 2845 1632 2888; baseline -0.001 -7"><span class='ocrx_word' id='word_1_519' title='bbox 887 2848 1047 2883; x_wconf 73' lang='lat' dir='ltr'><strong>schierte</strong></span> <span class='ocrx_word' id='word_1_520' title='bbox 1081 2848 1147 2881; x_wconf 79' lang='lat' dir='ltr'><strong>auf</strong></span> <span class='ocrx_word' id='word_1_521' title='bbox 1176 2846 1242 2881; x_wconf 81' lang='lat' dir='ltr'><strong>der</strong></span> <span class='ocrx_word' id='word_1_522' title='bbox 1275 2847 1338 2881; x_wconf 81' lang='lat' dir='ltr'><strong>via</strong></span> <span class='ocrx_word' id='word_1_523' title='bbox 1370 2845 1532 2888; x_wconf 81' lang='lat' dir='ltr'><strong>Salaria,</strong></span> <span class='ocrx_word' id='word_1_524' title='bbox 1565 2845 1632 2880; x_wconf 77' lang='lat' dir='ltr'><strong>das</strong></span> 
     </span>
     <span class='ocr_line' id='line_1_84' title="bbox 885 2893 1568 2930; baseline -0.003 -1"><span class='ocrx_word' id='word_1_525' title='bbox 885 2895 1022 2930; x_wconf 84' lang='lat' dir='ltr'><strong>andere</strong></span> <span class='ocrx_word' id='word_1_526' title='bbox 1049 2895 1116 2929; x_wconf 84' lang='lat' dir='ltr'><strong>auf</strong></span> <span class='ocrx_word' id='word_1_527' title='bbox 1138 2894 1204 2929; x_wconf 88' lang='lat' dir='ltr'><strong>der</strong></span> <span class='ocrx_word' id='word_1_528' title='bbox 1228 2893 1417 2928; x_wconf 79' lang='lat' dir='ltr'><strong>Flaminia</strong></span> <span class='ocrx_word' id='word_1_529' title='bbox 1442 2894 1568 2928; x_wconf 80' lang='lat' dir='ltr'><strong>heran.</strong></span> 
     </span>
    </p>
   </div>
  </div>
 </body>
</html>
