1859 3182
130 933 188 974 42

199 118 258 159 40
731 117 889 154 TACITI
915 117 1249 154 HISTORIARUM

200 231 367 281 pecunia
401 235 440 268 et
472 230 624 268 ruentis
658 229 838 268 fortunae
872 229 1081 267 novissima
1113 229 1245 268 libido.

1308 230 1477 269 adventu
1510 229 1664 269 demum
1697 243 1764 282 pe·

201 289 327 327 ditum
373 289 630 339 equitumque
676 289 846 338 pravitas
893 287 1046 326 consilii
1083 290 1230 340 patuit,
1273 291 1363 339 quia
1402 301 1473 327 nec
1513 289 1652 328 vadere
1691 302 1765 340 per

201 347 336 385 hostes
369 352 447 385 tam
479 359 596 398 parva
629 359 747 385 manu
779 352 950 397 poterat,
984 348 1097 385 etiam
1133 348 1165 385 si
1197 347 1384 386 fidissima
1418 348 1529 398 foret,
1562 360 1633 386 nec
1665 349 1763 387 inte-

202 418 311 456 gram
344 406 461 445 fidem
494 405 726 457 attulerant3
758 405 886 456 pudor
919 411 1048 444 tamen
1078 411 1116 444 et
1148 407 1368 456 praesentis
1402 406 1514 445 ducis
1545 408 1765 446 reverentia

148 475 180 498 10
201 464 446 516 morabatur,
487 464 591 503 haud
631 464 817 502 diuturna
849 464 975 503 vincla
1008 465 1110 515 apud
1143 465 1303 515 pavidos
1330 465 1595 515 periculorum
1629 473 1668 504 et
1700 465 1765 504 de-

203 525 307 562 coris
342 536 516 562 securos.
568 535 613 561 eo
646 528 755 561 metu
789 523 971 562 cohortes
1005 524 1225 562 Ariminum
1257 525 1492 574 praemittit,
1532 524 1628 563 alam
1661 526 1767 563 tueri

201 589 311 633 terga
345 582 473 621 iubet:
506 584 590 633 ipse
623 584 777 633 paucis,
811 594 908 632 quos
941 582 1102 620 adversa
1135 594 1213 620 non
1247 588 1508 634 mutaverant,
1547 585 1767 622 comitanti-

200 641 275 680 bus
308 641 416 679 flexit
448 642 488 679 in
522 641 721 679 Umbriam
755 646 871 692 atque
912 641 1002 679 inde
1044 640 1262 693 Etruriam,
1307 641 1375 679 ubi
1413 643 1570 691 cognito
1612 654 1766 693 pugnae

201 700 480 739 Cremonensis
502 706 643 739 eventu
665 712 743 738 non
770 701 952 750 ignavum
981 705 1035 747 et,
1069 701 1102 737 si
1129 701 1394 750 provenisset,
1421 705 1530 739 atrox
1559 701 1768 739 consilium

148 768 182 793 15
203 760 307 810 iniit,
341 764 384 797 ut
416 761 584 809 arreptis
618 758 781 797 navibus
814 760 855 796 in
888 770 1177 809 quamcumque
1207 764 1358 809 partem
1385 759 1653 798 Narbonensis
1678 772 1768 810 pro-

202 819 352 856 vinciae
387 830 571 868 egressus
599 817 740 856 Gallias
769 823 807 856 et
835 819 1033 856 exercitus
1061 823 1099 856 et
1120 817 1351 856 Germaniae
1378 823 1516 868 gentes
1544 830 1769 869 novumque

203 876 350 915 bellum
383 878 518 915 cieret.

323 935 507 986 Digresso
540 935 700 974 Valente
734 935 927 987 trepidos,
961 936 1029 986 qui
1061 935 1281 973 Ariminum
1315 933 1522 988 tenebant,
1562 934 1770 975 Cornelius

248 1054 279 1084 6.
307 1050 446 1083 ruentis
472 1049 643 1091 fortunae
668 1060 702 1084 n.
725 1050 765 1095 L]
795 1049 865 1091 Qui
887 1048 950 1083 diu

201 1096 275 1130 frui
303 1107 340 1130 se
367 1106 473 1140 posse
499 1097 682 1140 desperat,
714 1096 886 1131 licentius
914 1097 951 1131 eb

202 1142 348 1178 avidius
380 1142 524 1178 fruitur.
583 1142 715 1177 Libido
749 1143 951 1179 novissima.

203 1190 351 1233 dicitur,
378 1190 477 1235 quod
503 1192 631 1225 ruente
658 1190 808 1225 fortuna
834 1189 872 1224 id
897 1190 950 1225 vi-

202 1237 297 1272 tium
312 1238 554 1272 novissimum
575 1237 598 1271 i.
615 1248 644 1272 e.
660 1237 835 1272 ultimum
851 1237 950 1272 exui-

202 1286 273 1320 tur.
320 1284 406 1319 Man
433 1285 553 1319 denke
573 1297 642 1318 nur
661 1295 706 1319 an
728 1285 786 1319 die
810 1286 950 1320 Scenen

204 1332 269 1367 der
283 1331 594 1376 Ausschweifung
608 1332 674 1377 aui:
691 1332 812 1367 einem
826 1333 947 1367 unter-

203 1379 400 1423 gehenden
438 1378 584 1414 Schiffe.
648 1378 778 1414 Ubers.
811 1381 952 1414 ruentis

204 1427 377 1470 fortunae
423 1427 508 1460 ‘des
553 1426 758 1461 sinkenden
796 1425 950 1460 Gliicks-

205 1474 354 1509 sterns'.
397 1473 533 1508 Libido
559 1473 641 1507 hier
670 1473 709 1507 in
738 1473 952 1508 demselben

204 1520 330 1567 Sinne,
353 1521 421 1554 wie
444 1532 472 1556 c.
495 1524 549 1555 33.
573 1524 628 1554 45.
651 1524 705 1555 83.
728 1520 755 1563 Ι,
778 1524 807 1556 7.
830 1520 873 1563 ΙΙ,
896 1524 951 1555 62.

204 1571 259 1602 73.
293 1567 477 1602 Ahnliche
493 1567 821 1612 Leichtfertigkeit
834 1567 872 1601 in
888 1569 954 1602 der

203 1613 342 1650 Gefahr
362 1614 461 1659 zeigt
481 1615 560 1649 sich
582 1615 641 1648 bei
663 1614 760 1649 Otho
782 1614 808 1657 I,
839 1619 882 1650 78
909 1626 953 1649 ne

203 1666 281 1697 tum
309 1663 452 1707 quidem
484 1663 665 1697 immemor
692 1673 854 1696 amorum
882 1663 951 1697 etc.

254 1714 284 1744 7.
316 1709 501 1754 pravitas]
532 1708 843 1743 ‘Verkehrtheit’.

253 1761 285 1791 8.
312 1757 419 1802 foret]
448 1768 473 1791 s.
502 1769 546 1790 zu
572 1767 600 1791 c.
630 1760 661 1798 5,
692 1761 720 1790 1.

253 1808 285 1838 9.
314 1803 529 1849 attulerant]
558 1816 584 1838 s.
611 1816 654 1837 zu
683 1815 711 1838 c.
740 1806 796 1847 38,
826 1807 879 1839 15.

254 1855 308 1886 10.
342 1851 569 1896 morabatur]
605 1862 653 1885 sc.
682 1861 755 1885 eOS.
808 1851 951 1885 Ebenso

204 1899 256 1934 ist
281 1910 310 1933 c.
339 1901 395 1941 28,
422 1902 442 1932 5
471 1898 536 1932 das
564 1897 703 1942 Objekt
731 1898 791 1932 bei
817 1899 955 1933 morari

204 1958 249 1980 zu
275 1949 467 1990 erganzen.

248 1993 406 2037 pavidos
416 1992 678 2037 periculorum]
696 1992 764 2026 wie
780 1992 820 2026 A.
837 1992 898 2035 IV,
909 1995 952 2026 38

205 2041 445 2084 offensionum
463 2067 470 2075 .
487 2068 494 2074 .
511 2068 517 2075 .
536 2050 611 2074 non
627 2040 821 2083 pavidum3
849 2039 894 2074 H.
910 2040 954 2083 V,

209 2091 253 2121 14
280 2088 398 2121 nandi
418 2088 590 2130 pavidus.

258 2138 312 2168 11.
326 2135 485 2179 securos]
502 2134 525 2168 i.
541 2146 569 2168 e.
584 2133 648 2178 qui
662 2133 741 2167 sine
757 2145 844 2168 cura
858 2136 953 2169 sunt.

206 2181 333 2215 Daher
365 2181 445 2216 hier
478 2181 546 2215 wie
574 2182 605 2224 Ι,
634 2185 677 2215 86
710 2192 837 2215 secura
863 2182 956 2215 eius—

207 2229 306 2263 modi
320 2239 469 2263 casuum
485 2227 613 2272 (loca);
629 2233 671 2261 A.
684 2227 747 2271 III,
763 2231 806 2261 28
824 2227 958 2262 Caesar

206 2276 399 2320 Auqustus
436 2276 621 2320 potentiae
657 2285 821 2317 securus;
868 2274 955 2317 Agr.

206 2327 253 2357 43
286 2333 433 2357 securus
457 2324 533 2357 iam
558 2323 636 2357 odii
660 2322 731 2356 mit
755 2322 839 2355 dem
867 2321 956 2356 Gen.

208 2370 303 2404 nach
332 2370 414 2404 dem
441 2369 640 2414 Vorgange
667 2369 732 2403 der
757 2368 921 2403 Dichter.

256 2428 294 2451 eo
326 2417 437 2462 metu]
472 2417 540 2451 wie
574 2418 615 2450 A.
648 2415 716 2459 VI,
753 2420 797 2450 32
838 2416 956 2450 neben

207 2465 250 2498 in
269 2467 363 2498 metu
384 2464 428 2498 H.
451 2464 478 2506 Ι,
500 2467 555 2498 86.
578 2463 640 2506 ΙΙΙ,
655 2466 711 2498 58.
733 2463 775 2497 A.
789 2462 885 2506 XIV,
900 2466 955 2497 43.

258 2511 485 2556 Ariminum]
523 2511 550 2555 j.
586 2511 739 2553 Rimini,
775 2510 885 2544 stadt
919 2510 956 2543 in

208 2558 386 2593 Umbrien
414 2569 473 2592 am
501 2558 753 2592 adriatischen
779 2557 911 2591 Meere.

255 2605 472 2650 praemittit]
502 2606 608 2649 quasi
635 2605 825 2639 secuturus
849 2604 956 2639 esset.

260 2655 313 2686 13.
354 2653 472 2696 flexit]
520 2652 610 2696 ‘bog
653 2652 836 2687 seitwiirts
880 2651 957 2694 ab',

209 2699 280 2734 wie
307 2700 333 2742 Ι,
363 2703 416 2742 70,
446 2703 499 2733 15.

258 2747 343 2781 inde
368 2746 581 2791 Etruriam]
608 2758 635 2780 s.
662 2758 704 2780 zu
731 2746 758 2789 Ι,
785 2749 817 2789 4,
846 2749 874 2780 7.

262 2796 316 2828 14.
338 2794 527 2838 iqnavum]
557 2794 642 2828 Tac.
665 2793 872 2837 gebraucht
892 2792 969 2826 das

209 2840 294 2883 Adj.
328 2841 432 2875 nicht
464 2852 533 2874 nur
565 2851 635 2874 von
669 2842 852 2875 Personen
884 2839 957 2873 und

211 2888 471 2932 personlichen
512 2887 767 2931 Kollektiven,
801 2887 958 2921 sondern

1023 1048 1117 1083 auch
1144 1059 1216 1083 von
1237 1048 1447 1083 sachlichen
1469 1048 1673 1093 Begriffen,
1701 1049 1770 1084 wie

1023 1095 1058 1139 1,
1086 1099 1129 1129 62
1161 1096 1298 1139 iqnava
1318 1107 1414 1140 pam
1451 1096 1502 1140 ΙΙ,
1539 1099 1582 1129 31
1616 1097 1773 1141 iynavae

1022 1143 1240 1186 voluptate83
1263 1144 1304 1177 A.
1327 1142 1371 1186 ΙΙ,
1394 1145 1436 1177 71
1459 1143 1591 1188 iynavo
1610 1147 1771 1188 quaestu.

1071 1191 1103 1224 si
1127 1190 1368 1235 provenisset]
1398 1189 1520 1225 ‘wenn
1540 1201 1578 1225 er
1597 1189 1772 1225 verwirk-

1024 1236 1133 1280 heht,
1174 1236 1353 1281 gegliick‘o
1390 1237 1519 1280 πίω-εξ
1557 1237 1632 1281 vgl.
1663 1237 1770 1278 Suet.

1024 1284 1135 1328 Vesp.
1175 1287 1195 1318 5
1234 1284 1412 1329 quidquid
1451 1284 1624 1329 eoqitaret
1660 1285 1774 1320 volve-

1024 1335 1146 1375 retque
1183 1332 1322 1374 animo,
1360 1332 1555 1376 quamlibet
1590 1342 1775 1375 maqnum,

1025 1379 1065 1413 id
1091 1389 1161 1413 esse
1191 1382 1462 1421 proventurum.
1514 1379 1549 1413 S.
1576 1390 1619 1412 zu
1645 1378 1690 1421 ΙΙ,
1719 1383 1774 1423 16,

1027 1429 1058 1460 5.
1099 1425 1172 1459 Der
1185 1425 1328 1470 Tropus
1349 1425 1400 1459 ist
1418 1437 1505 1460 vom
1525 1425 1774 1461 Hervorkom-

1025 1483 1111 1507 men
1131 1472 1195 1506 der
1208 1472 1448 1507 Feldfrfichte
1468 1473 1770 1517 hergenommen.

1075 1519 1196 1564 atrox]
1223 1531 1249 1553 s.
1276 1531 1320 1553 zu
1345 1520 1372 1563 I,
1400 1523 1457 1562 51,
1483 1523 1547 1562 22;
1574 1520 1618 1563 ΙΙ,
1649 1524 1679 1563 1,
1707 1524 1738 1555 2.

1077 1570 1131 1601 15.
1156 1567 1212 1612 ut]
1235 1567 1330 1601 nach
1346 1567 1538 1602 consilium
1551 1568 1640 1602 iniit
1661 1567 1776 1602 schon

1027 1614 1200 1657 deshalb,
1228 1613 1313 1648 weil
1333 1613 1394 1649 bei
1420 1615 1612 1649 consilium
1631 1614 1690 1649 ein
1710 1615 1777 1650 At-

1026 1661 1145 1696 tribut
1165 1661 1274 1704 steht,
1297 1661 1367 1696 wie
1389 1660 1460 1696 Cic.
1476 1673 1510 1706 p.
1526 1662 1632 1696 Rosc.
1649 1663 1772 1696 Amer.

1027 1712 1046 1750 ξ
1068 1713 1112 1743 28
1134 1709 1326 1743 consilium
1347 1712 1517 1752 ceperunt
1533 1710 1684 1753 plenum
1703 1719 1775 1744 sce-

1027 1756 1112 1790 leris
1136 1759 1169 1790 et
1194 1756 1385 1797 audaciae,
1411 1759 1453 1790 ut
1472 1756 1542 1790 etc.
1578 1755 1621 1790 In
1634 1754 1777 1791 diesem

1026 1803 1131 1837 Falle
1175 1802 1249 1836 und
1288 1802 1325 1836 in
1364 1802 1429 1837 der
1466 1803 1640 1847 passiven
1677 1802 1776 1838 Kon-

1027 1849 1214 1884 struktion
1237 1849 1322 1884 dats
1340 1849 1404 1883 der
1425 1850 1491 1884 Inf.
1508 1849 1611 1884 nieht
1635 1849 1776 1895 folgen.

1027 1896 1093 1931 Bei
1156 1897 1220 1930 der
1275 1896 1448 1941 passiven
1504 1897 1777 1932 Konstruktion

1028 1944 1174 1978 kommt
1198 1944 1466 1988 vorzugsweise
1499 1944 1564 1979 der
1590 1943 1680 1979 Gen.
1708 1944 1778 1979 Ge-

1028 1991 1162 2033 rundii,
1184 1992 1295 2026 bezw.
1317 1990 1520 2026 Gerundivi
1538 2001 1614 2025 vor.
1652 1990 1725 2026 Cic.
1742 2003 1777 2035 p.

1028 2038 1118 2073 Mur.
1147 2042 1166 2085 ξ
1193 2041 1238 2073 80
1264 2039 1361 2072 inita
1386 2042 1472 2084 sunt
1497 2038 1651 2073 consilia
1676 2039 1781 2074 urbis

1028 2086 1222 2127 delendam
1249 2089 1268 2127 ἕ
1295 2089 1350 2120 81.
1404 2084 1588 2130 Ubrigens
1615 2085 1712 2129 folgt
1737 2089 1779 2120 ut

1028 2133 1123 2167 auch
1144 2133 1209 2166 auf
1227 2132 1413 2167 einfaehes
1434 2133 1626 2167 consilium
1641 2143 1779 2177 capere,

1031 2179 1100 2213 wie
1129 2178 1202 2214 Cic.
1230 2179 1287 2213 ad.
1315 2181 1391 2214 Att.
1422 2178 1504 2222 VII,
1536 2183 1587 2222 10,
1617 2182 1648 2215 1.

1078 2227 1351 2272 quamcumque]
1374 2226 1425 2260 im
1441 2226 1553 2261 Sinne
1566 2236 1639 2260 von
1653 2237 1777 2270 quam-

1031 2274 1124 2317 libet,
1153 2273 1212 2308 bei
1240 2273 1366 2308 Cicero
1391 2284 1462 2307 nur
1486 2275 1524 2307 in
1545 2273 1609 2307 der
1628 2273 1775 2309 Formet

1031 2332 1252 2365 quacumque
1277 2322 1419 2356 ratione
1446 2322 1510 2365 (sc.
1537 2321 1684 2365 potest).

1081 2372 1133 2402 17.
1155 2369 1245 2402 ciere
1261 2368 1314 2402 ‘in
1330 2368 1542 2413 Bewegung
1555 2368 1691 2410 setzen,
1711 2367 1779 2402 auf

1030 2413 1089 2449 die
1119 2414 1234 2450 Beine
1267 2415 1452 2459 bringen',
1485 2415 1582 2448 daun
1609 2413 1775 2457 ‘hervor-

1030 2463 1152 2505 rusen,
1179 2462 1397 2497 aufbieten’.
1455 2461 1538 2507 Vgl.
1565 2472 1608 2496 zu
1642 2462 1774 2496 exerei-

1030 2512 1088 2543 tus
1121 2511 1210 2544 ciere
1242 2520 1272 2544 e.
1306 2513 1349 2544 62
1384 2509 1610 2554 (Valentem)
1645 2512 1775 2543 veteres

1030 2557 1107 2590 illie
1143 2567 1320 2601 novosque
1358 2557 1534 2591 exereitus
1572 2556 1663 2590 ciere
1700 2565 1775 2591 ere—

1031 2604 1180 2645 ‹lebant3
1208 2603 1235 2647 Ι,
1262 2607 1306 2638 84
1332 2613 1419 2647 quos
1452 2602 1619 2638 Vitellius
1644 2603 1685 2636 in
1710 2612 1776 2638 nos

1031 2651 1114 2691 eiet3
1159 2663 1201 2684 zu
1239 2651 1367 2685 bellum
1404 2651 1494 2684 ciere
1531 2651 1581 2691 ΙΙ,
1621 2653 1666 2684 25
1706 2659 1775 2693 pro

1035 2696 1170 2732 Othone
1196 2708 1362 2743 puynam
1394 2698 1506 2739 cien83
1538 2696 1600 2739 IV,
1635 2700 1678 2731 78
1704 2707 1774 2741 pu-

1030 2755 1139 2789 qnam
1171 2745 1328 2787 ciebant;
1362 2745 1403 2779 A.
1436 2743 1505 2786 111,
1532 2747 1574 2778 41
1609 2753 1776 2788 pugnam

1024 2802 1097 2835 pro
1130 2791 1310 2826 Romanis
1341 2792 1454 2831 ciens;
1487 2790 1565 2834 XV,
1591 2794 1635 2825 59
1671 2801 1776 2824 arma

1032 2842 1159 2873 contra
1192 2849 1258 2873 nos
1290 2840 1389 2874 ciere.
1442 2837 1489 2873 So
1514 2838 1637 2872 zuerst
1662 2837 1775 2881 Verg.

1032 2885 1121 2920 Aen.
1148 2885 1176 2928 Ι,
1204 2889 1269 2920 541
1299 2885 1391 2920 bella
1415 2886 1519 2920 cient.
