1875 3214
598 99 744 134 LIBER
770 99 830 134 JV.
884 99 986 134 CAP.
1013 103 1165 134 47—49.
1589 96 1672 138 151

99 221 265 267 ptuosae
311 212 601 252 adulescentiae
647 224 776 263 neque
822 212 974 251 modica
1019 213 1184 262 cupiens
1218 216 1257 249 et
1289 211 1489 249 adfinitate
1528 209 1673 249 Vitellii

101 275 252 314 anxius.
309 274 342 311 is
369 272 522 311 crebris
551 271 801 310 sermonibus
834 272 1136 323 temptaveritne
1164 270 1347 309 Pisonem
1381 270 1426 309 ad
1461 282 1526 308 res
1552 282 1672 309 novas

101 347 148 373 an
193 334 402 384 temptanti
445 332 654 382 restiterit,
700 332 915 382 incertum,
960 332 1145 382 quoniam
1183 336 1337 369 secreto
1377 342 1515 368 eorum
1555 342 1671 368 nemo

103 393 225 432 adfuit
257 398 296 431 et
323 393 454 431 occiso
475 391 616 430 Pisone
645 390 824 441 plerique
852 390 898 429 ad
926 392 1089 441 gratiam
1118 390 1388 429 interfectoris
1419 389 1670 428 inclinavere.

101 465 171 492 nec
217 451 429 503 ambigitur
476 452 716 502 provinciam
763 454 802 488 et
834 449 998 489 militem
1038 449 1205 488 alienato
1251 461 1343 500 erga
1385 449 1670 500 Vespasianum

100 514 226 551 animo
273 512 412 563 fuisse,
464 516 503 549 et
548 510 705 561 quidam
752 522 771 548 e
817 509 1035 548 Vitellianis
1080 509 1178 547 urbe
1221 509 1377 560 profugi
1418 508 1669 548 ostentabant

97 571 231 611 Pisoni
263 577 449 610 nutantes
482 569 641 620 Gallias,
675 574 851 620 paratam
884 569 1151 621 Germaniam,
1187 568 1364 619 pericula
1398 570 1522 620 ipsius
1557 574 1595 607 et
1628 569 1668 607 in

97 643 192 682 pace
226 636 411 682 suspecto
445 631 570 669 tutius
598 628 755 668 bellum.
801 630 904 668 inter
927 642 1025 680 quae
1053 628 1239 667 Claudius
1268 627 1416 679 Sagitta
1443 628 1669 679 praefectus

97 690 179 730 alae
212 691 417 729 Petrianae
449 701 638 741 prospera
666 689 912 740 navigatione
941 690 1144 740 praevenit
1165 688 1365 739 Papirium
1394 689 1667 727 centurionem

96 763 116 789 a
161 750 341 789 Muciano
387 750 552 788 missum
603 748 926 799 adseveravitque
969 749 1150 787 mandata
1202 747 1469 786 interficiendi
1514 747 1670 786 Pisonis

95 811 321 849 centurioni
352 809 458 848 data:
498 809 689 848 cecidisse
729 807 979 847 Galerianum
1020 807 1302 847 consobrinum
1342 808 1427 846 eius
1461 819 1670 858 generum-

95 882 191 922 que,
224 881 341 908 unam
374 870 414 907 in
448 868 608 908 audacia
642 880 752 919 spem
786 867 944 920 salutis,
978 868 1045 906 sed
1080 868 1157 906 duo
1191 868 1334 906 itinera
1367 866 1556 919 audendi,
1600 879 1670 906 seu

94 929 227 968 mallet
260 930 392 968 statim
426 941 550 981 arma,
593 940 664 967 seu
696 929 818 979 petita
846 927 1011 966 navibus
1045 927 1167 966 Gallia
1201 927 1342 966 ducem
1376 939 1417 965 se
1450 926 1670 965 Vitellianis

95 988 337 1028 exercitibus
358 988 598 1039 ostenderet,
630 987 728 1026 nihil
755 987 802 1026 ad
830 999 873 1026 ea
902 993 1008 1026 moto
1035 987 1190 1026 Pisone.
1237 988 1417 1025 centurio
1440 999 1459 1025 a
1484 986 1666 1025 Muciano

92 1050 239 1087 missus
286 1053 328 1087 ut
372 1053 532 1099 portum
574 1047 827 1098 Karthaginis
872 1048 1021 1099 attigit,
1066 1059 1205 1098 magna
1250 1059 1345 1085 voce
1391 1046 1491 1085 laeta
1534 1046 1669 1085 Pisoni

93 1109 223 1147 omnia
255 1113 454 1160 tamquam
487 1108 659 1159 principi
692 1108 942 1159 continuare,
977 1106 1112 1146 obvios
1141 1112 1179 1145 et
1206 1106 1359 1145 subitae
1387 1107 1447 1145 rei
1474 1105 1667 1145 miraculo

92 1169 296 1220 attonitos,
329 1174 373 1206 ut
406 1167 542 1206 eadem
576 1167 868 1219 adstreperent,
908 1167 1071 1206 hortari.
1135 1166 1275 1217 vulgus
1309 1165 1517 1205 credulum
1550 1178 1667 1205 ruere

90 1229 133 1266 in
175 1228 322 1279 forum,
367 1228 632 1279 praesentiam
671 1226 826 1265 Pisonis
871 1239 1105 1279 exposcere,
1157 1226 1299 1277 gaudio
1345 1225 1666 1278 clamoribusque

91 1294 235 1327 cuncta
266 1286 488 1326 miscebant
518 1285 764 1337 indiligentia
795 1287 878 1326 veri
905 1291 944 1325 et
970 1286 1155 1325 adulandi
1180 1285 1355 1325 libidine.
1400 1285 1490 1324 Piso
1518 1285 1666 1324 indicio

90 1347 265 1397 Sagittae
303 1346 363 1385 vel
401 1348 519 1385 insita
551 1346 744 1385 modestia
777 1358 855 1385 non
894 1348 934 1385 in
973 1346 1176 1397 publicum
1211 1358 1395 1397 egressus
1439 1351 1498 1385 est
1537 1358 1667 1397 neque

91 1419 134 1445 se
166 1406 309 1445 studiis
347 1406 454 1457 vulgi
490 1407 688 1457 permisit,
734 1407 1090 1457 centurionemque
1132 1411 1408 1457 percontatus,
1455 1412 1666 1457 postquam

91 1467 315 1517 quaesitum
360 1465 437 1504 sibi
473 1467 623 1504 crimen
663 1465 904 1517 caedemque
944 1467 1156 1517 comperit,
1201 1465 1461 1504 animadverti
1500 1466 1539 1504 in
1575 1477 1666 1504 eum

86 1526 203 1564 iussit
234 1524 340 1564 haud
372 1525 537 1576 perinde
570 1537 639 1577 spe
672 1526 773 1564 vitae
802 1537 919 1576 quam
945 1526 1003 1564 ira
1030 1527 1070 1564 in
1096 1537 1394 1577 percussorem,
1429 1524 1533 1576 quod
1560 1524 1667 1564 idem

902 1663 990 1699 Piso
1001 1663 1245 1699 Erfreuliche’
1263 1664 1296 1699 d.
1312 1664 1335 1699 i.
1354 1664 1491 1699 ‘lauter
1506 1664 1662 1709 Segens-

903 1712 1079 1747 wtinsche
1106 1712 1166 1746 fiir
1186 1711 1300 1747 Piso'.
1339 1712 1373 1747 S.
1402 1725 1446 1747 zu
1475 1711 1519 1755 ll,
1548 1715 1602 1755 74,
1626 1716 1658 1747 3.

955 1764 1008 1794 17.
1042 1760 1273 1806 continuare]
1309 1760 1343 1795 d.
1368 1760 1392 1794 i.
1423 1760 1660 1795 continenter

904 1809 1045 1853 optare.

133 1668 166 1708 4,
204 1667 377 1699 secretum
416 1664 497 1699 ‘cler
534 1664 705 1709 geheime
737 1664 827 1699 Ver-

86 1712 212 1754 kehr’,·
239 1723 265 1746 s.
293 1724 337 1746 zu
363 1712 407 1751 ΙΙ,
435 1716 468 1755 4,
497 1715 527 1746 7.
559 1716 635 1755 100,
665 1715 720 1747 12.

134 1763 165 1795 6.
191 1771 256 1795 nec
282 1760 496 1806 ambiyitur]
530 1760 600 1794 mit
631 1760 715 1795 dem
742 1761 828 1795 Acc.

84 1819 116 1842 c.
144 1807 210 1842 Inf.
239 1807 308 1842 wie
337 1810 379 1842 A.
401 1807 462 1851 VI,
489 1811 546 1843 28.
572 1807 633 1851 XI,
654 1811 687 1843 4.
715 1806 829 1852 XXII,

86 1859 142 1892 65.
177 1855 276 1891 Curt.
299 1855 360 1900 ΙΙΙ,
383 1860 417 1898 3,
438 1860 469 1891 5.
521 1856 696 1899 Draeger,
725 1855 828 1900 Synt.

86 1906 106 1946 ξ
140 1906 217 1938 146.
269 1903 461 1938 Klassisch
496 1916 565 1937 nur
603 1901 671 1938 mit
711 1903 832 1937 einem

85 1951 297 1985 indirekten
327 1951 537 1996 Fragesatz.

132 2010 219 2043 crya
245 1998 528 2034 nachklassisch
555 1999 648 2033 stati]
668 1998 713 2033 ab
741 1998 831 2033 oder

87 2046 172 2081 dem
198 2045 363 2081 Ablativ.

133 2098 165 2129 8.
191 2094 233 2129 in
252 2094 360 2140 pace]
389 2094 422 2128 d.
443 2093 466 2128 i.
494 2094 583 2128 dum
602 2104 736 2139 pacem
755 2093 832 2138 agi-

88 2142 203 2183 taret,
255 2141 330 2176 ‘bei
375 2141 590 2176 friedlicher
634 2141 830 2185 Haltung’.

84 2189 169 2235 Vgl.
197 2189 242 2232 ΙΙ,
269 2193 291 2224 4
316 2193 489 2234 quattuor
515 2188 711 2234 (legiones)
742 2189 831 2224 Mu-

84 2238 215 2272 cianus
239 2238 423 2272 obtinebat
448 2238 490 2272 in
508 2248 612 2282 pace.

133 2288 166 2320 9.
192 2285 287 2320 inter
314 2284 420 2331 quae]
448 2298 474 2321 s.
502 2297 546 2319 zu
572 2296 601 2320 c.
629 2289 685 2328 46,
714 2288 744 2321 1.

133 2331 279 2378 Sayitta
310 2343 387 2366 war
418 2332 480 2367 ein
510 2332 743 2367 Vitellianer.

136 2383 191 2414 10.
207 2381 290 2415 alae
312 2380 526 2426 Petrianae]
543 2393 570 2414 s.
591 2393 635 2415 zu
649 2379 675 2425 Ι,
699 2384 753 2424 70,
775 2383 827 2415 14.

136 2431 191 2462 12.
226 2427 482 2473 Galerianum]
516 2440 542 2462 s.
576 2440 619 2462 zu
653 2440 680 2463 c.
712 2432 767 2471 11,
795 2432 826 2463 9.

137 2479 191 2511 13.
211 2476 324 2522 spem]
347 2487 394 2510 sc.
418 2482 508 2510 esse.
537 2474 570 2510 S.
588 2488 631 2510 zu
647 2487 675 2510 c.
695 2479 750 2519 14,
774 2479 827 2511 11.

139 2527 191 2559 14.
231 2534 336 2558 arma
377 2522 763 2568 ‘W'affenerhebung’,
806 2536 832 2558 s.

90 2583 134 2606 zu
160 2570 206 2615 II,
235 2576 267 2615 6,
293 2575 325 2605 4.

134 2618 306 2665 navibus]
336 2630 362 2654 s.
390 2631 434 2653 zu
461 2629 491 2654 c.
518 2622 576 2660 24,
602 2621 635 2652 4.

138 2670 191 2702 15.
218 2677 254 2702 se
279 2667 460 2701 ostendere
494 2665 589 2701 ‘sich
622 2666 833 2711 vorstellen,

91 2713 314 2749 darbietxen'

135 2762 184 2796 ad
215 2762 271 2806 ea]
319 2760 373 2795 ‘in
409 2760 615 2796 Rticksicht:
657 2760 832 2806 hierauf',

88 2809 125 2843 (1.
164 2809 199 2844 h.
248 2808 329 2844 ‘auf
370 2808 471 2844 diese
511 2808 831 2854 Vorstellungen'.

89 2856 125 2892 S.
142 2856 308 2902 B‚erger
334 2856 400 2890 lat.
429 2855 511 2891 Stil.
538 2860 639 2898 §93

137 2907 190 2939 16.
213 2905 308 2940 laeta
330 2904 463 2939 Pisoni
482 2904 622 2950 omnia]
646 2904 754 2940 ‘alles
774 2905 833 2940 fiir

952 1855 1145 1900 miraculo]
1170 1854 1305 1890 ‘durch
1326 1855 1390 1889 das
1411 1854 1653 1898 Unerho'rte’,

904 1903 973 1937 wie
996 1902 1073 1937 Liv.
1096 1902 1121 1946 Ι,
1151 1906 1206 1945 59,
1229 1906 1248 1936 3
1270 1903 1448 1937 miraculo
1470 1904 1522 1937 rei
1544 1913 1660 1938 novae

905 1951 1067 1986 concient
1077 1951 1235 1985 homines
1245 1965 1258 1994 ,·
1275 1949 1319 1995 II,
1340 1954 1393 1994 12,
1418 1954 1459 1985 13
1477 1952 1660 1985 attonitus

904 1999 1093 2033 miraculo.

957 2049 1010 2080 18.
1044 2046 1165 2081 eadem
1197 2046 1402 2090 adstrepere
1451 2046 1550 2080 ‘lauh
1585 2045 1661 2081 ein-

907 2094 1110 2128 stimmen’.

956 2145 1010 2177 19.
1043 2142 1221 2187 glaudium
1248 2142 1489 2187 clamoresque
1522 2141 1655 2176 ‘Fren-

907 2188 1181 2233 dengeschrei’3
1209 2201 1234 2223 s.
1263 2201 1306 2223 zu
1333 2189 1362 2234 I,
1389 2194 1445 2233 27,
1475 2193 1530 2224 14.

953 2241 1011 2272 20.
1032 2241 1163 2272 cuncta
1191 2237 1335 2271 miscere
1357 2238 1458 2272 steht
1477 2237 1559 2272 hier
1580 2237 1653 2272 wie

905 2297 934 2320 o.
956 2289 1012 2327 29,
1035 2289 1066 2320 6
1094 2285 1137 2329 V,
1159 2288 1216 2326 22
1237 2288 1256 2318 9
1280 2296 1350 2319 von
1371 2296 1644 2320 verworrenem

904 2314 1096 2374 Geminei,
1128 2333 1255 2366 womit:
1281 2344 1367 2367 man
1395 2332 1503 2368 einen
1528 2332 1652 2368 Raum

904 2380 1044 2416 erffillt.
1089 2360 1193 2414 Uber
1220 2384 1351 2416 cuneta
1377 2393 1402 2415 s.
1425 2380 1514 2422 zuI,
1536 2384 1593 2425 36,
1609 2384 1648 2425 5,

903 2428 995 2462 fiber
1021 2428 1085 2462 das
1109 2428 1174 2462 abs
1180 2427 1409 2463 chliessende
1430 2427 1537 2473 lmpf.
1559 2440 1586 2464 s.
1607 2440 1651 2464 zu

956 2524 1193 2568 indiliyentia
1217 2522 1602 2569 ‘Gleiohgffltigkeit’.

955 2570 1121 2615 libidine]
1164 2571 1244 2606 ‘aus
1283 2571 1401 2615 Lust'3
1449 2572 1524 2617 vgl.
1564 2572 1591 2615 I,
1636 2575 1654 2606 1

907 2620 1060 2654 libidine
1095 2619 1337 2661 adsentandi‚·
1370 2629 1398 2654 c.
1429 2623 1471 2653 12
1500 2620 1653 2655 libidine

906 2668 1000 2702 talia
1027 2667 1206 2711 loquendi.

956 2719 1012 2749 23.
1039 2714 1242 2759 quaesitum
1265 2714 1337 2749 sibi
1363 2714 1512 2760 crimen]
1548 2713 1651 2749 ‘man

906 2762 1002 2797 habe
1036 2773 1073 2796 es
1106 2761 1167 2795 bei
1192 2761 1271 2795 ihm
1296 2761 1363 2795 auf
1386 2761 1494 2796 einen
1522 2762 1650 2797 Grund

905 2822 970 2844 zur
1003 2807 1312 2853 Anschuldigung
1347 2808 1556 2854 abgesehen
1590 2820 1652 2854 ge-

906 2857 1026 2892 habt’.
1057 2855 1202 2891 Crimen
1227 2856 1308 2891 hier
1335 2856 1659 2902 ‘Anklagepunkt,

909 2903 1114 2946 Vorwurf’3
1143 2917 1169 2939 s.
1197 2916 1240 2938 zu
1268 2915 1298 2939 c.
1325 2908 1383 2949 41,
1413 2908 1468 2939 10.

1692 396 1708 422 5

1693 694 1727 720 10

1689 989 1722 1015 15

1687 1288 1723 1314 20
