1875 3214
34 296 35 299 ,
100 267 319 307 victoribus
352 267 540 306 attulerit.

606 94 748 130 LIBER
776 95 838 131 IV.
891 94 993 130 CAP.
1023 98 1176 130 71-73.

1604 92 1685 134 179

101 205 328 248 meruisse?
368 219 485 259 quam
518 220 538 246 e
572 208 722 259 gremio
751 206 884 246 Italiae
912 212 1084 259 raptam,
1112 207 1203 258 quia
1231 207 1349 245 umus
1377 206 1506 244 noctis
1533 217 1684 243 moram

604 272 710 305 stare
744 268 784 305 in
825 267 996 305 confinio
1038 266 1270 305 Germaniae
1312 267 1509 316 integram
1549 264 1720 303 seden15

103 327 240 380 spoliis
274 328 524 366 exercituum
557 332 596 365 et
628 326 776 365 ducum
809 326 998 365 caedibus
1020 331 1213 365 ovantem.
1261 325 1513 376 redigeretur
1539 324 1685 375 praeda

101 388 142 427 in
174 387 335 426 fiscum:
368 388 467 438 ipsis
501 386 686 425 sufficere
720 387 832 437 ignes
866 392 905 425 et
937 385 1098 424 rebellis
1131 385 1307 424 coloniae
1342 386 1496 436 ruinas,
1538 383 1685 435 quibus

103 452 160 486 tot
192 453 418 486 castrorum
451 445 602 486 excidia
639 451 918 497 pensarentur.

982 444 1146 484 Cerialis
1186 450 1296 483 metu
1329 444 1532 495 infamiae,
1574 445 1606 482 si
1640 443 1683 482 li-

98 507 230 546 centia
281 507 523 557 saevitiaque
567 504 735 544 inbuere
781 505 947 544 militem
994 505 1247 556 crederetur,
1299 505 1448 555 pressit
1489 505 1591 556 iras3
1644 509 1682 542 et

99 578 271 618 paruere
303 566 434 618 posito
468 566 614 604 civium
640 564 743 604 bello
773 565 820 603 ad
849 571 1012 604 externa
1040 564 1315 603 modestiores.
1367 564 1565 602 convertit
1591 562 1682 602 inde
1704 570 1738 594 10

98 627 252 665 animos
285 626 502 665 accitarum
542 637 563 663 e
601 624 914 664 Mediomatricis
947 625 1147 676 legionum
1187 622 1426 662 miserabilis
1459 622 1684 673 adspectus

99 685 256 725 stabant
299 686 543 724 conscientia
582 684 722 736 flagitii
760 690 950 736 maestae,
996 685 1083 723 fixis
1122 684 1163 722 in
1204 689 1353 722 terram
1386 682 1531 722 oculis:
1578 681 1685 720 nulla

97 747 203 785 inter
240 750 432 784 coeuntes
473 745 674 783 exercitus
720 744 1002 796 consalutatio,
1046 756 1177 795 neque
1225 742 1446 782 solantibus
1490 742 1684 780 hort-anti-

98 805 222 845 busve
255 817 449 857 responsa
482 804 644 857 dabant,
678 803 801 843 abditi
826 817 899 855 per
926 805 1097 843 tentoria
1125 809 1164 842 et
1189 802 1320 842 lucem
1347 804 1474 853 ipsam
1502 803 1683 840 vitantes.

98 877 173 904 nec
205 864 372 916 perinde
405 864 630 916 periculum
665 870 733 903 aut
765 869 896 903 metus
940 876 1058 915 quam
1091 862 1220 914 pudor
1253 875 1297 901 ac
1336 862 1511 901 dedecus
1544 860 1679 899 ohstu·
1703 869 1736 894 15

29 956 31 959 .
98 925 319 977 pefecerat,
353 925 531 963 attonitis
565 925 683 963 etiam
711 924 948 976 victoribus,
982 925 1051 974 qui
1079 935 1215 962 vocem
1242 934 1463 973 precesque
1491 920 1681 960 adhibere

98 996 179 1023 non
225 985 311 1024 ausi
351 984 527 1023 lacrimis
571 996 616 1023 ac
662 983 820 1022 silentio
866 985 1019 1022 veniam
1065 982 1301 1034 poscebant,
1347 982 1473 1020 donec
1518 980 1683 1020 Cerialis

100 1044 296 1083 mulceret
327 1045 480 1083 animos
513 1044 592 1082 fato
626 1049 712 1082 acta
745 1043 951 1095 dictitans,
997 1055 1097 1095 quae
1131 1042 1302 1081 militum
1338 1042 1565 1092 ducumque
1606 1039 1684 1078 dis-

98 1104 234 1143 cordia
265 1103 326 1142 vel
359 1103 499 1142 fraude
532 1103 708 1142 hostium
741 1105 979 1142 evenissent.

1039 1104 1213 1153 primum
1246 1101 1359 1140 illum
1392 1100 1684 1152 stipendiorum

98 1170 138 1203 et
164 1164 404 1203 sacramenti
430 1163 534 1202 diem
556 1162 765 1202 haberent:
793 1165 974 1214 priorum
1001 1163 1223 1201 facinorum
1244 1173 1375 1212 neque
1401 1162 1684 1212 imperatorem
1705 1169 1740 1195 20

97 1236 228 1276 neque
270 1235 312 1262 se
355 1224 597 1262 meminisse.

667 1228 762 1262 tunc
809 1224 961 1274 recepti
998 1224 1040 1261 in
1073 1222 1210 1261 eadem
1249 1226 1378 1259 castra
1432 1226 1471 1259 et
1510 1220 1684 1259 edictum

95 1295 168 1336 per
194 1282 436 1334 manipulos,
470 1295 518 1321 ne
546 1284 636 1334 quis
662 1284 703 1321 in
731 1284 949 1322 certamine
970 1283 1149 1334 iurgiove
1178 1281 1415 1320 seditionem
1442 1285 1510 1319 aut
1531 1279 1685 1318 cladem

99 1343 364 1383 commilitoni
397 1342 627 1381 obiectaret.

217 1402 307 1441 Mox
351 1402 548 1441 Treveros
593 1414 637 1441 ac
682 1401 880 1453 Lingonas
923 1401 971 1440 ad
1016 1402 1245 1440 contionem
1283 1405 1442 1439 vocatos
1481 1401 1535 1438 ita
1576 1398 1752 1441 adlo-73

99 1464 253 1515 quitur:
298 1459 444 1514 ‘neque
483 1474 555 1513 ego
601 1473 789 1513 umquam
830 1461 1055 1500 facundiam
1095 1461 1275 1512 exercui,
1321 1465 1360 1498 et
1399 1459 1570 1511 populus
1605 1458 1680 1497 Ro-

98 1534 237 1562 manus
276 1523 465 1561 virtutem
508 1522 628 1560 armis
677 1521 916 1573 adfirmavit3
959 1520 1028 1559 sed
1076 1520 1263 1572 quoniam
1309 1519 1412 1570 apud
1459 1532 1526 1557 vos
1567 1518 1686 1557 verba

97 1582 314 1635 plurimum
358 1581 490 1620 valent
532 1580 714 1633 bonaque
759 1593 803 1619 ac
850 1580 949 1620 mala
994 1592 1074 1618 non
1120 1592 1190 1618 sua
1229 1584 1372 1618 natura
1412 1578 1481 1617 sed
1521 1577 1686 1617 vocibus

146 1714 180 1745 4.
203 1721 314 1755 quam
341 1738 348 1745 .
371 1737 378 1744 .
401 1737 408 1744 .
434 1709 597 1755 raptam]
626 1720 675 1744 sc.
698 1719 798 1752 esse3
828 1721 854 1744 s.

101 1770 145 1793 zu
171 1757 236 1801 ΙΙΙ,
264 1761 320 1803 70,
347 1760 404 1793 21.

146 1817 164 1841 e
187 1806 324 1852 gremio
350 1805 506 1851 Italiae]
534 1804 605 1840 wie
627 1804 701 1840 Cic.
722 1804 762 1839 in
781 1803 855 1840 Pis.

99 1857 118 1897 ἕ
145 1857 189 1889 91
222 1853 341 1889 medio
367 1853 544 1889 Graeciae
574 1853 721 1899 qremio.
774 1850 857 1885 Wir

99 1913 216 1947 sagen
243 1901 326 1936 ‘aus
352 1901 438 1936 dem
463 1901 608 1936 Herzen
635 1899 820 1935 Italiens'.

147 1953 180 1985 6.
213 1950 362 1991 ducum]
404 1947 657 1991 Hordeonius,
696 1946 855 1991 Vocula,

99 1996 320 2041 Herennius,
348 1995 553 2031 Numisius.

147 2045 308 2090 rediqere
398 2044 409 2060 ‘
423 2042 631 2079 einziehen'
644 2071 652 2087 ,

101 2092 286 2129 ‘fliessen’.

149 2145 180 2176 7.
200 2141 311 2185 fiscus
339 2139 429 2175 oder
455 2139 564 2183 fiscus
582 2138 764 2181 Caesaris,
795 2137 857 2172 die

98 2187 388 2224 Kammerkasse
398 2187 461 2222 des
470 2187 728 2231 Kaisers,1'iber
740 2187 855 2221 deren

97 2236 345 2281 Verwaltung
365 2234 425 2270 die
445 2234 556 2270 Anm.
577 2247 622 2269 zu
640 2234 668 2277 I,
690 2237 724 2278 2,
747 2237 790 2269 16
812 2245 857 2268 zu

99 2285 174 2330 vgl.
189 2284 249 2328 ist,
263 2283 314 2318 im
331 2283 542 2328 Gegensatz
557 2295 620 2317 zur
633 2282 858 2326 Verteilung

100 2332 166 2368 des
192 2331 442 2376 Beutegeldes
463 2331 572 2366 unter
591 2329 651 2365 die
670 2329 858 2374 Truppen.

150 2384 183 2416 8.
198 2389 359 2425 pensare
379 2377 724 2423 ‘aufwiegen’,·der
739 2377 858 2412 Sache

101 2427 201 2463 nach
233 2443 278 2456 =
314 2425 613 2469 ‘wettmachen’3
645 2425 721 2470 vgl.
756 2436 786 2460 c.
815 2428 860 2460 74

100 2476 291 2511 meliorum
315 2474 525 2510 interventu
547 2476 767 2518 pensantur.

107 2561 126 2570 ..
150 2527 181 2559 9.
223 2522 390 2569 inbuere]
437 2533 465 2557 s.
505 2533 551 2556 zu
588 2520 662 2565 ΙΙΙ,
703 2524 765 2565 15,
806 2523 860 2555 12.

101 2570 204 2607 Uber
230 2571 304 2606 den
328 2569 398 2605 Inf.
426 2581 453 2604 s.
481 2581 524 2603 zu
550 2568 616 2613 ΙΙΙ,
642 2572 676 2613 4,
704 2572 735 2603 6.

150 2619 199 2665 et]
231 2630 259 2653 s,
287 2630 332 2652 zu
359 2628 389 2653 c.
420 2620 560 2661 19,²16.

155 2670 210 2702 10.
222 2666 272 2701 ad
283 2665 452 2712 eoeterna]
468 2676 516 2700 sc.
531 2663 644 2700 bella.
672 2663 724 2698 Zu
744 2663 794 2699 ad
809 2663 863 2698 ‘in

106 2713 314 2751 Rficksicht
339 2713 419 2757 auf,
453 2711 685 2758 gegenfiber'
715 2711 792 2756 vgl.
818 2711 861 2745 A.

106 2762 135 2807 Ι,
162 2766 208 2797 40
233 2772 347 2806 neque
372 2761 577 2806 degenerem
603 2760 653 2794 ad
679 2759 861 2804 pericula.

155 2808 401 2854 modestiores]
433 2820 460 2844 s.
487 2820 531 2842 zu
557 2808 584 2850 I,
611 2810 669 2850 52,
698 2810 752 2842 10.

159 2861 216 2893 11.
248 2857 392 2892 animos
424 2858 626 2891 convertere
660 2853 736 2889 ‘die
769 2853 862 2889 Auf-

107 2903 376 2942 merksamkeit
402 2903 466 2938 auf
493 2903 572 2938 sich
605 2901 749 2938 ziehen'

736 2043 857 2088 rediyi

980 1706 1178 1752 legionum]
1208 1706 1234 1741 I.
1260 1705 1347 1741 XVI
1374 1707 1420 1750 (c.
1450 1707 1520 1750 71).

982 1765 1036 1796 13.
1052 1760 1314 1805 consalutatio]
1337 1760 1413 1805 vgl.
1429 1759 1488 1794 die
1509 1758 1687 1794 ahnliche

932 1808 1183 1853 Schilderung
1208 1808 1253 1843 A.
1281 1807 1363 1851 XV,
1391 1811 1446 1841 16.

982 1866 1036 1898 15.
1074 1872 1139 1896 nec
1172 1861 1328 1906 perinde
1367 1881 1411 1886 —
1451 1860 1576 1906 quam]
1617 1859 1687 1894 wie

932 1922 961 1946 c.
990 1914 1046 1953 69,
1076 1912 1130 1944 15.
1160 1930 1204 1934 —
1232 1909 1313 1954 aut]
1343 1920 1368 1943 s.
1397 1921 1442 1943 zu
1467 1908 1494 1952 I,
1522 1912 1579 1950 88,
1608 1911 1639 1942 7.

980 1963 1249 2008 obstupefacere
1280 1963 1496 2007 ‘betaubem
1523 1963 1689 1998 bestiirzt

931 2011 1121 2047 machen'.

981 2064 1036 2095 16.
1057 2057 1458 2102 attonitus‘betroffen,
1477 2057 1687 2103 stutzigge-

930 2106 1113 2142 worden'.

978 2172 1098 2197 vocem
1130 2159 1315 2205 adhibere]

933 2209 1118 2254 bringen’.
1170 2206 1354 2242 Bemerke
1382 2206 1441 2241 die
1464 2207 1689 2242 chiastische

933 2257 1108 2302 Stellung
1134 2256 1199 2291 der
1227 2254 1482 2290 Substantive.

983 2314 1039 2345 18.
1084 2310 1162 2354 fato
1207 2308 1306 2354 aeta]
1352 2307 1431 2342 ‘ein
1468 2307 1586 2343 Werk
1625 2307 1689 2344 des

933 2356 1262 2403 Verbangnisses’.

982 2416 1038 2448 20.
1077 2411 1207 2446 habere
1257 2409 1310 2444 im
1354 2409 1442 2444 Akt.
1487 2409 1607 2445 selten
1653 2409 1692 2444 in

933 2459 1160 2495 klassischer
1180 2457 1298 2493 Prosa,
1322 2457 1362 2492 in
1383 2457 1448 2492 der
1468 2456 1692 2503 Bedeutung

941 2507 1078 2543 ‘wofiir
1104 2506 1300 2541 ansehen'.

984 2557 1184 2600 imperator
1213 2553 1282 2588 wie
1309 2564 1339 2588 c.
1366 2556 1423 2597 46,
1451 2556 1508 2589 21.

1365 2159 1573 2203 ‘Zuspruch
1625 2171 1688 2194 an-

988 2614 1049 2649 73.
1086 2617 1118 2648 2.
1150 2623 1264 2658 neque
1296 2632 1340 2638 --
1374 2612 1421 2658 et]
1463 2611 1585 2647 ‘nieht
1622 2623 1693 2646 nur

936 2662 1043 2697 nicht
1068 2682 1114 2687 —
1141 2660 1301 2695 sondern
1335 2659 1461 2695 auch'.
1512 2659 1691 2703 Draeger,

939 2710 1042 2754 Synt.
1065 2712 1084 2751 ξ
1107 2712 1185 2742 124.
1225 2708 1403 2750 Heraeus,
1430 2706 1496 2742 lab.
1519 2705 1690 2751 Schulgr.

936 2761 955 2801 ξ
982 2761 1040 2802 91,
1069 2761 1085 2790 1
1106 2768 1127 2791 a
1153 2755 1260 2790 Anm.
1288 2759 1322 2790 4.

985 2804 1147 2849 exercui]
1172 2803 1285 2837 ‘habe
1305 2801 1406 2836 mich
1427 2800 1594 2843 befasst'3
1616 2800 1690 2845 vgl.

937 2852 1017 2888 Liv.
1038 2850 1206 2894 XXVIII,
1228 2854 1273 2885 27
1299 2860 1375 2885 non
1400 2859 1471 2895 quo
1494 2849 1604 2884 verba
1624 2860 1691 2882 un-

937 2912 1045 2946 quam
1069 2900 1195 2945 potius
1220 2909 1330 2944 quam
1356 2908 1411 2933 res
1437 2896 1667 2933 exercuerim.

1332 2957 1404 2991 12*
