1859 3182
143 349 176 374 20

128 573 182 615 75

145 1116 178 1141 10

199 112 282 154 182
718 110 879 145 TACITI
905 110 1245 146 HISTORIARUM

198 224 267 262 sed
301 222 410 261 vobis
443 223 656 260 maximnm
697 221 933 274 discrimen,
965 233 1087 272 penes
1130 235 1228 273 quos
1261 234 1401 260 aurum
1435 228 1473 261 et
1505 235 1617 274 opes,
1655 235 1765 274 prae-

198 284 335 333 cipuae
374 281 569 320 bellorum
614 293 766 319 causae.
829 281 995 331 proinde
1034 293 1170 332 pacem
1216 287 1255 319 et
1298 280 1456 333 urbem,
1507 294 1623 332 quam
1671 283 1766 321 victi

196 342 447 391 victoresque
469 340 608 378 eodem
634 341 720 378 iure
748 339 985 391 obtinemus,
1014 345 1139 378 amate
1161 340 1295 392 colite,
1322 346 1508 379 moneant
1527 353 1595 379 vos
1616 342 1763 380 utrius-

197 412 274 451 que
325 400 506 438 fortunae
558 399 812 448 documenta,
863 411 912 437 ne
964 401 1253 438 contumaciam
1299 411 1388 437 cum
1433 400 1609 450 pernicie
1650 412 1766 451 quam

196 458 430 509 obsequium
464 470 553 497 cum
580 460 794 497 securitate
822 455 992 496 malitis.'
1038 458 1104 497 tali
1132 460 1308 497 oratione
1335 460 1513 509 graviora
1540 464 1764 498 metuentes

201 519 412 568 conposuit
445 519 661 568 erexitque.

313 576 748 616 Tenelmntur.victore
782 577 959 615 exercitu
992 576 1172 629 Treveri,
1213 589 1301 615 cum
1331 575 1464 615 Civilis
1498 582 1536 615 et
1569 576 1766 616 Classicus

195 637 339 674 misere
373 635 419 673 ad
453 635 643 674 Cerialem
683 635 890 686 epistulas,
931 648 1097 686 quarum
1136 636 1232 675 haec
1266 637 1461 674 sententia
1494 636 1585 675 fuit:
1624 635 1766 687 Vespa-

195 696 366 746 sianum,
425 707 659 745 quamquam
699 696 860 733 nuntios
904 695 1165 743 occultarent,
1218 696 1436 733 excessisse
1480 696 1576 747 vita,
1626 695 1767 734 urbem

195 759 312 805 atque
345 753 496 792 Italiam
528 755 685 792 interno
711 753 813 792 hello
841 760 1128 806 consumptam,
1161 754 1331 793 Muciani
1358 766 1402 792 ac
1429 753 1641 793 Domitiani
1669 767 1763 793 vana

197 818 235 851 et
268 814 352 851 sine
386 813 535 851 viribus
568 814 737 851 nomina.
784 814 816 851 si
849 812 1011 851 Cerialis
1044 815 1254 864 imperium
1289 812 1501 852 Galliarum
1527 813 1633 866 velit,
1658 815 1766 865 ipsos

196 872 342 911 finibus
369 873 585 910 civitatium
614 884 774 911 suarum
802 877 1028 924 contentos,
1062 875 1093 911 si
1121 872 1316 923 proelium
1343 872 1496 924 mallet,
1528 885 1577 911 ne
1610 873 1648 912 id
1683 875 1766 925 qui-

197 931 285 969 dem
331 931 516 970 abnuere.
573 931 619 969 ad
668 944 709 970 ea
751 931 912 970 Cerialis
952 931 1064 970 Civili
1109 937 1148 970 et
1193 931 1365 970 Classico
1404 931 1519 971 nihil:
1565 944 1655 971 eum
1699 933 1768 984 qui

196 990 381 1028 attulerat
418 992 534 1042 ipsis,
568 990 757 1042 epistulas
790 990 835 1029 ad
870 990 1134 1029 Domitianum
1168 991 1285 1029 misit.

315 1049 457 1088 Hostes
500 1050 636 1088 divisis
677 1051 803 1100 copiis
847 1050 1041 1088 advenere
1086 1050 1282 1101 undique:
1328 1050 1508 1101 plerIque
1553 1049 1765 1102 culpabant

198 1107 389 1147 Cerialem
422 1121 582 1160 passum
616 1110 746 1161 iungi,
787 1121 886 1160 quos
924 1109 1119 1148 discretos
1158 1110 1397 1160 intercipere
1439 1109 1628 1148 licuisset.

246 1237 299 1269 18.
326 1235 535 1280 discrimen]
577 1234 666 1268 Hier
694 1234 761 1269 wie
794 1234 842 1268 im
876 1234 944 1269 fol-

193 1282 338 1326 genden
353 1281 582 1316 Relativsatz
598 1284 755 1327 erg‘z'tnze
768 1282 833 1316 das
844 1282 943 1316 Pr'zis.

193 1332 243 1363 est
270 1329 312 1373 (s.
339 1340 382 1363 zu
408 1328 470 1372 ΙΙΙ,
498 1333 529 1373 5,
556 1331 603 1374 8).

241 1387 373 1411 aurum
405 1380 437 1411 et
469 1377 566 1422 opes]
613 1377 685 1411 Zur
718 1376 836 1412 Sache
868 1377 942 1422 vgl.

197 1423 229 1457 d.
257 1423 362 1457 Anm.
391 1435 434 1458 zu
462 1436 490 1460 c.
520 1428 574 1465 17,
604 1428 657 1459 26.

244 1475 298 1506 19.
323 1472 496 1517 proinde]
528 1483 554 1506 s.
583 1484 626 1505 zu
653 1483 681 1506 c.
712 1476 767 1515 17,
794 1476 848 1506 23.

242 1518 381 1563 urbem]
409 1519 579 1562 Romam,
607 1518 677 1553 wie
706 1531 735 1554 c.
765 1523 820 1561 75,
849 1523 880 1553 3.

243 1569 298 1599 20.
351 1566 468 1600 eodem
513 1566 609 1611 iure]
656 1565 852 1600 Inwiefern
892 1566 944 1600 sie

193 1613 358 1657 gleiches
373 1612 540 1656 Anrecht
554 1613 697 1655 hatten,
720 1626 745 1647 s.
762 1625 805 1647 zu
820 1613 847 1657 Ι,
864 1617 896 1656 8,
910 1618 943 1647 4.

240 1663 358 1694 amate
374 1660 492 1705 colite]
510 1659 781 1704 Asyndetische
804 1660 944 1694 Kumu-

192 1707 312 1741 lation
334 1707 464 1741 zweier
484 1707 750 1752 gleichartiger
764 1707 944 1752 Begriffe3

193 1766 218 1788 s.
247 1766 290 1788 zu
316 1754 366 1796 H,
395 1757 450 1797 70,
481 1758 533 1789 15.
591 1755 734 1788 Ande-rs
767 1755 946 1799 Draeger,

194 1802 298 1846 synt.
325 1804 344 1843 ἓ
373 1805 452 1845 134,
481 1806 511 1844 1,
538 1802 572 1836 b.

237 1853 392 1894 utraque
434 1850 589 1892 fortuna
632 1849 666 1882 d.
706 1849 729 1884 i.
775 1848 941 1884 fidelium

193 1896 378 1931 sociorum
403 1907 461 1931 res
487 1906 708 1941 prosperae,
735 1897 941 1932 infidelium

193 1943 382 1978 adversae.

241 1994 296 2025 21.
318 1992 532 2026 documenta
554 1990 722 2036 ‘Belege’
746 1991 780 2027 d.
802 1991 837 2027 h.
861 1991 942 2025 ‘Er-

191 2038 431 2082 fahmngen’.

240 2089 296 2120 23.
324 2096 531 2130 componere
559 2085 810 2129 ‘beruhigen’.

239 2133 374 2177 erigere
414 2133 656 2176 ‘aufrichtem
702 2133 941 2177 ermutigen’3

193 2180 267 2223 vgl.
314 2179 364 2224 V,
410 2183 453 2214 15
498 2181 574 2214 eius
622 2181 756 2225 proelii
799 2184 942 2215 eventus

192 2232 385 2271 utrumque
416 2228 541 2262 duceni
575 2256 581 2263 .
605 2254 611 2262 .
634 2256 641 2263 .
672 2228 722 2263 ad
751 2231 942 2262 maturan-

193 2275 279 2309 dum
304 2285 463 2309 summae
488 2276 542 2309 rei
567 2275 763 2310 discrimen
788 2275 910 2310 erexit.

245 2321 305 2357 75.
329 2326 359 2358 1.
380 2322 612 2367 tenebantur]
635 2335 661 2356 s.
684 2334 727 2356 zu
747 2321 809 2365 ΙΙΙ,
834 2326 888 2366 12,
910 2324 941 2356 5.

193 2369 349 2403 XVarum
377 2370 478 2404 steht
504 2369 569 2404 cler
594 2369 747 2404 Ablativ
775 2369 908 2404 dabei?

241 2421 273 2450 2.
301 2417 492 2462 epistulas]
521 2428 547 2451 s.
575 2428 618 2450 zu
644 2416 678 2460 Ι,
706 2420 763 2460 67,
790 2421 821 2451 7.

242 2469 274 2498 3.
301 2464 538 2509 occultarent]
578 2463 651 2500 Der
677 2464 805 2498 Plural
830 2464 941 2507 steht,

194 2511 280 2545 weil
307 2510 365 2545 die
392 2511 508 2545 Lente
537 2511 601 2545 der
625 2511 749 2545 Partei
776 2510 942 2556 gemeint

195 2557 287 2591 sind.
351 2557 565 2602 Nipperdey
603 2557 690 2593 liest
724 2569 942 2603 quamquam

195 2605 401 2640 Mucianus
427 2606 630 2640 occultaret.

241 2656 274 2687 4.
287 2656 519 2697 consumptus
531 2652 941 2697 ‘ersehepft,1·uiniert’.

243 2702 274 2735 5.
308 2701 386 2734 sine
417 2700 573 2746 viribus]
610 2700 826 2743 umehtlos,
854 2700 942 2735 ohn-

195 2746 391 2791 mi'tchtig’.
443 2746 477 2781 S.
506 2760 547 2781 zu
575 2747 638 2791 ΙΙΙ,
666 2751 698 2791 8,
728 2751 780 2782 15.

241 2795 274 2828 si
314 2822 320 2828 .
350 2820 357 2827 .
386 2823 392 2830 .
431 2795 516 2829 velit
554 2815 597 2819 —
629 2795 662 2829 si
695 2822 700 2828 .
731 2823 736 2828 .
766 2821 772 2828 .
805 2794 942 2839 mallet]

193 2840 370 2876 Derselbe
397 2841 571 2877 Wechsel
605 2842 670 2876 des
697 2842 859 2887 Tempus
891 2841 965 2876 im.

194 2887 510 2933 hypothetischen
539 2888 773 2934 Konjunktiv
799 2889 864 2923 der
889 2888 941 2923 in-

1691 1110 1766 1148 Ro-

1020 1235 1191 1270 direkten
1216 1234 1319 1269 Rede
1353 1234 1468 1269 findet
1495 1233 1574 1269 sich
1601 1246 1631 1269 c.
1658 1238 1704 1269 20
1735 1236 1768 1270 si

1018 1293 1119 1318 nemo
1151 1283 1333 1317 obsisteret
1359 1302 1402 1307 —
1429 1282 1489 1317 sin
1514 1293 1620 1316 arma
1645 1292 1768 1317 occur—

1018 1334 1106 1365 rant
1112 1343 1125 1372 ;
1158 1341 1188 1365 c.
1216 1333 1259 1364 81
1286 1330 1320 1364 si
1338 1330 1561 1373 pellerentur
1585 1329 1768 1365 obstantia

1022 1398 1064 1402 —
1091 1377 1125 1412 si
1148 1378 1310 1412 salubris
1334 1377 1388 1411 vis
1413 1377 1641 1412 adhibeatur.
1679 1376 1766 1422 Vgl.

1018 1425 1115 1459 noch
1128 1425 1215 1460 olum
1229 1424 1375 1459 Galliae
1388 1424 1581 1468 trepident,
1595 1425 1682 1460 dum
1695 1425 1768 1460 Hi-

1016 1472 1171 1516 spaniae
1192 1475 1408 1507 cunctentur
1427 1491 1473 1496 —
1493 1472 1558 1506 ubi
1575 1472 1673 1514 facto
1692 1483 1769 1507 ma—

1017 1519 1073 1563 yis
1099 1530 1208 1563 quani
1229 1519 1390 1554 consulto
1415 1529 1507 1563 opus
1525 1522 1612 1554 esset
1632 1518 1673 1564 (Ι,
1695 1521 1765 1564 62).

1019 1566 1067 1600 So
1095 1565 1209 1601 sehon
1248 1566 1352 1601 Caes.
1385 1566 1418 1601 b.
1446 1565 1488 1600 G.
1522 1566 1555 1608 Ι,
1587 1570 1649 1610 34,
1684 1570 1704 1601 2
1736 1568 1769 1602 si

1018 1617 1105 1648 esset
1120 1634 1163 1638 —
1178 1614 1211 1648 si
1231 1614 1324 1648 velit.
1335 1613 1424 1662 ⁶Zur
1435 1612 1770 1659 Nichtbeachtung

1020 1660 1085 1695 der
1104 1660 1221 1706 Regel
1246 1660 1339 1695 iiber
1359 1660 1425 1695 das
1451 1660 1613 1705 Tempus
1638 1661 1677 1696 in
1703 1661 1768 1697 der

1021 1708 1079 1742 Or.
1115 1708 1267 1752 obliqua
1304 1708 1342 1742 in
1367 1708 1400 1742 si
1424 1708 1510 1742 velit
1536 1720 1561 1744 s.
1589 1707 1766 1754 Draeger,

1021 1755 1125 1799 Synt.
1153 1758 1172 1797 ξ
1200 1759 1256 1798 27,
1284 1755 1317 1789 d.

1065 1806 1097 1837 6.
1124 1802 1323 1848 contentos]
1351 1814 1398 1838 sc.
1426 1801 1516 1837 fore.
1569 1802 1603 1838 S.
1631 1815 1676 1838 zu
1703 1803 1766 1848 ΙΙΙ,

1065 1901 1094 1932 7.
1133 1897 1245 1943 nihil]
1291 1908 1338 1932 sc.
1377 1895 1578 1942 rescripsit.

1015 1943 1078 1988 111,
1105 1948 1163 1989 24,
1192 1948 1222 1979 7.
1655 1983 1663 1990 ,

1063 2003 1142 2026 eum
1186 1992 1250 2036 qui
1292 1992 1482 2038 attulerat]
1524 1992 1610 2026 ‘den
1649 1983 1765 2028 Uber-

1016 2039 1195 2084 bringer’,
1222 2039 1291 2074 wie
1319 2051 1348 2075 c.
1376 2043 1421 2073 24
1449 2040 1675 2085 vinctosque,
1701 2041 1765 2084 qui

1015 2088 1227 2128 attulerant,
1254 2087 1304 2121 ael
1333 2086 1517 2122 Vitellium
1543 2088 1662 2130 misit,·
1690 2087 1763 2124 Cic.

1016 2133 1064 2168 ad
1096 2134 1182 2168 fam.
1210 2133 1260 2176 ΙΙ,
1290 2137 1350 2176 19,
1380 2138 1397 2168 1
1433 2135 1466 2169 is
1490 2134 1555 2178 qui
1580 2135 1764 2172 attulerat.

1063 2184 1096 2215 8.
1116 2181 1224 2227 ipsis]
1241 2181 1276 2216 d.
1290 2181 1313 2216 i.
1330 2181 1442 2216 Civili
1456 2182 1494 2216 et
1508 2181 1682 2217 Classico.
1717 2182 1764 2218 So

1015 2227 1065 2262 ist
1084 2229 1179 2262 statt
1199 2228 1263 2263 des
1283 2228 1643 2263 handschriftlichen
1663 2230 1765 2274 ipsas

1016 2288 1058 2310 zu
1097 2275 1219 2319 lesen,
1259 2276 1418 2311 welches
1451 2276 1568 2311 durch
1609 2277 1764 2311 Aecom—

1016 2322 1209 2357 modation
1247 2334 1294 2357 an
1327 2323 1393 2357 das
1431 2321 1607 2368 folgende
1640 2322 1762 2360 Subst.

1014 2371 1189 2414 epistulas
1229 2370 1452 2405 entstanden
1490 2370 1548 2405 ist.
1609 2370 1763 2406 Cerialis

1014 2418 1162 2452 trennte
1201 2416 1261 2452 die
1301 2417 1418 2452 Sache
1451 2417 1515 2452 des
1548 2418 1765 2453 Briefboten

1015 2475 1087 2499 von
1128 2464 1212 2499 (lem
1250 2465 1383 2500 Briefe.
1447 2464 1670 2500 Schlimmer
1707 2476 1763 2500 er-

1014 2511 1107 2593 Ξὲῗὲ
1120 2511 1764 2604 5Ξὶᾱὶϊέἑέῗὴνέἒὲἣὲἒὲἕθέξῇἓξὲ

1015 2606 1273 2651 germanische
1300 2605 1397 2641 Heer
1420 2609 1463 2649 (c.
1485 2610 1530 2641 24
1550 2617 1583 2642 a.
1603 2607 1660 2651 Ε.)
1686 2607 1762 2642 und

1016 2654 1087 2688 den
1108 2653 1147 2688 in
1160 2654 1295 2688 Ratien
1314 2654 1390 2688 und
1405 2653 1550 2688 Gallien
1566 2655 1762 2699 ertappten

1015 2700 1187 2745 Agenten
1214 2700 1405 2736 desselben
1433 2701 1498 2745 (ΙΙ,
1525 2702 1594 2744 98).

1064 2751 1094 2783 9.
1135 2748 1302 2792 culpare,
1337 2747 1433 2783 nach
1469 2748 1652 2793 Analogie
1689 2759 1761 2784 von

1016 2795 1210 2830 criminari
1234 2795 1304 2830 mit
1329 2795 1413 2830 dem
1439 2794 1524 2830 Ace.
1553 2807 1581 2831 c.
1603 2795 1671 2831 Inf.
1697 2807 1760 2841 ge-

1016 2842 1184 2886 braucht,
1205 2842 1255 2877 ist
1273 2842 1335 2878 bei
1355 2842 1520 2888 Draeger
1539 2842 1642 2888 synt.
1658 2846 1677 2886 ξ
1693 2847 1759 2878 146

1016 2889 1301 2934 nachzutragen.
1769 2918 1771 2920 -

1643 1897 1678 1933 S.
1721 1909 1766 1933 zu
