1859 3182
150 398 183 423 10

152 693 184 718 15

154 989 188 1014 20

205 102 290 143 140
735 100 898 134 TACITI
922 98 1256 134 HISTORIARUM

204 212 386 264 epistulis
420 211 639 261 edictisque
673 209 1007 261 praeponebatur,
1046 211 1103 247 vis
1135 221 1257 260 penes
1290 208 1516 246 Mucianum
1551 214 1652 259 erat,
1691 210 1770 248 nisi

206 271 307 323 quod
341 270 528 321 pleraque
561 269 806 308 Domitianus
838 268 1118 319 instigantibus
1151 269 1286 306 amicis
1319 272 1386 305 aut
1417 268 1576 318 propria
1607 267 1770 307 libidine

204 329 382 368 audebat.
429 329 498 367 sed
530 329 769 379 praecipuus
802 327 982 366 Muciano
1014 333 1143 366 metus
1176 339 1196 365 e
1229 326 1360 365 Primo
1392 326 1561 364 Antonio
1586 325 1767 377 Varoque

203 389 338 439 Arrio,
391 400 490 439 quos
534 393 715 426 recentes
759 386 964 437 clarosque
1008 399 1144 425 rerum
1189 386 1289 424 fama
1334 397 1377 423 ac
1416 384 1587 423 militum
1625 385 1767 424 studiis

204 449 320 486 etiam
360 447 528 497 populus
567 446 740 497 fovebat,
786 447 875 496 quia
914 446 953 483 in
993 446 1189 484 neminem
1228 444 1331 483 ultra
1369 444 1494 482 aciem
1539 445 1769 483 saevierant.

204 512 243 545 et
275 505 477 544 ferebatur
515 505 709 544 Antonius
743 504 1047 543 Scribonianum
1085 504 1268 542 Crassum
1308 503 1477 553 egregiis
1516 502 1694 542 moribus
1732 508 1772 542 et

204 565 376 603 fraterna
403 565 572 614 imagine
600 564 815 614 fulgentem
842 563 889 602 ad
923 563 1203 614 capessendam
1232 574 1315 600 rem
1348 561 1546 612 publicam
1578 561 1772 614 hortatus,

204 623 308 662 haud
354 623 537 662 defutura
583 625 834 661 consciorum
875 634 1012 674 manu,
1057 623 1098 660 ni
1137 621 1420 660 Scribonianus
1458 620 1679 673 abnuisset,
1723 633 1774 659 ne

205 684 354 734 paratis
387 682 547 733 quidem
580 683 782 733 corrumpi
815 681 956 733 facilis,
989 681 1084 720 adeo
1118 687 1299 719 metuens
1331 681 1493 718 incerta.
1544 681 1665 730 igitur
1690 680 1772 719 Mu-

205 743 365 793 cianus,
399 742 490 792 quia
522 740 725 792 propalam
752 742 922 791 opprimi
953 741 1147 779 Antonius
1173 739 1378 790 nequibat,
1405 738 1540 777 multis
1565 740 1606 777 in
1634 744 1773 778 senatu

205 800 389 840 laudibus
423 800 666 839 cumulatum
693 802 857 838 secretis
883 801 1090 850 promissis
1115 805 1270 849 onerat,
1298 799 1525 836 citeriorem
1544 797 1773 849 Hispaniam

205 865 411 899 ostentans
446 860 624 898 discessu
658 858 784 897 Cluvii
816 859 904 897 Rufi
937 871 1120 910 vacuam3
1159 857 1276 895 simul
1309 858 1444 896 amicis
1471 858 1556 895 eius
1592 857 1769 896 tribuna-

205 925 270 958 tus
305 918 655 970 praefecturasque
694 918 871 968 largitur.
934 917 1025 956 dein
1063 922 1272 968 postquam
1310 918 1466 955 inanem
1499 917 1672 955 animum
1705 928 1774 967 spe

208 984 247 1017 et
292 977 478 1028 cupidine
522 976 756 1028 inpleverat,
807 979 910 1016 vires
956 976 1084 1015 abolet
1129 976 1288 1014 dimissa
1333 976 1374 1014 in
1417 974 1582 1013 hiberna
1620 975 1773 1026 legione

206 1038 389 1088 septima,
423 1037 537 1075 cuius
575 1035 903 1086 flagrantissimus
948 1037 988 1073 in
1021 1036 1235 1074 Antonium
1268 1047 1393 1086 amor,
1436 1039 1474 1072 et
1511 1035 1628 1073 tertia
1660 1034 1775 1085 legio,

255 1179 285 1209 7.
308 1175 621 1220 praeponebatur]
649 1175 744 1209 stati:
769 1174 834 1208 des
855 1173 954 1208 kias—

206 1222 352 1256 sischen
372 1223 703 1266 praescribebatur.

254 1270 308 1304 vis
341 1280 451 1313 penes
486 1270 709 1304 Mucianum
741 1268 833 1314 erat]
869 1267 953 1312 Vgl.

206 1316 259 1359 ΙΙ,
298 1319 342 1350 39
378 1317 540 1360 profecto
572 1317 780 1351 Brixellum
820 1315 956 1350 Othone

206 1365 321 1399 honor
346 1364 493 1407 imperii
525 1375 632 1408 penes
661 1364 853 1398 Titianum
878 1363 955 1405 fra-

207 1415 317 1454 trem,
349 1412 404 1445 vis
431 1422 473 1446 ac
500 1415 660 1455 potestas
686 1421 797 1456 penes
822 1410 957 1445 Procu-

209 1459 284 1493 lum
305 1458 541 1502 praefectum.

255 1506 330 1540 nisi
367 1506 462 1549 quod
503 1505 587 1539 ‘nur
625 1505 722 1548 dass,
752 1505 841 1539 aber
873 1503 957 1538 frei-

207 1552 300 1587 lich’
329 1552 425 1586 nach
452 1552 537 1586 dem
563 1552 761 1597 Vorgange
799 1563 871 1586 von
900 1551 958 1586 Ci-

209 1611 292 1635 cero
327 1600 388 1644 (ad
414 1599 501 1634 fam.
528 1599 631 1643 XIII,
660 1603 696 1641 1,
724 1602 759 1642 2)
791 1599 867 1633 und
899 1598 958 1632 Li—

208 1648 290 1681 vius
307 1674 314 1687 ‚
364 1646 536 1681 limitiert
590 1646 850 1691 nachtriiglich
900 1646 959 1680 ein

208 1693 346 1737 Urtei13
384 1694 458 1739 vgl.
492 1694 579 1738 Agr.
608 1698 628 1729 6
661 1695 833 1729 vincerunt
864 1694 959 1728 mira

210 1742 407 1777 eoncordia
429 1753 498 1786 per
524 1745 687 1776 mutuam
713 1742 902 1776 caritatem
928 1744 960 1775 et

212 1790 253 1824 in
277 1790 387 1824 vicem
411 1800 447 1823 sc
473 1790 740 1834 anteponendo,
764 1786 840 1822 nisi
864 1789 960 1832 quod

210 1838 251 1871 in
291 1837 385 1871 bona
422 1847 536 1871 uxore
573 1840 675 1871 tanto
712 1837 830 1870 maior
867 1837 960 1878 taus,

209 1887 347 1929 quanto
372 1885 413 1918 in
437 1884 536 1918 mala
556 1885 645 1928 plus
670 1884 798 1928 culpae
818 1886 883 1926 est,
911 1882 955 1916 H.

211 1932 279 1975 III,
307 1935 352 1965 28
386 1931 565 1965 Hormine
598 1932 638 1966 id
669 1932 857 1976 inqenium
889 1959 896 1965 .
921 1958 927 1964 .
949 1959 957 1966 .

211 1991 262 2014 an
281 1980 405 2023 potior
431 1982 559 2014 auctor
580 1980 629 2014 sit
650 1978 686 2013 O.
708 1979 870 2021 Plinius,
896 1980 960 2023 qui

212 2027 418 2061 Antonium
443 2026 600 2069 incusat,
625 2027 726 2061 haud
750 2027 860 2069 facile
885 2027 958 2061 dis-

213 2074 392 2114 creverim,
418 2074 493 2108 nisi
517 2075 614 2118 quod
638 2085 750 2118 neque
773 2074 961 2108 Antonius

213 2132 326 2165 neque
351 2121 514 2155 Hormus
546 2133 569 2155 a
599 2122 702 2164 fama
726 2122 871 2165 vitaque
895 2132 963 2155 sua

214 2196 221 2203 .
245 2196 252 2203 .
275 2195 281 2201 .
310 2170 579 2212 (leyeneravcre3
607 2170 649 2203 A.
664 2169 691 2211 I,
707 2172 762 2203 33.
789 2167 884 2211 XIV,
909 2172 961 2202 14.

216 2214 310 2250 Plin.
339 2227 394 2259 ep.
424 2215 473 2258 II,
504 2220 533 2249 1.

262 2267 294 2298 8.
326 2263 484 2307 propria
518 2263 684 2308 libidine]
725 2263 799 2307 vgl.
827 2263 913 2307 Agr.
943 2267 961 2297 7

213 2311 326 2344 initia
355 2311 594 2354 principatus
625 2322 668 2345 ae
699 2313 834 2344 statum
859 2310 962 2344 urbis

214 2357 419 2392 Mucianus
463 2358 627 2401 rcyebat,
673 2358 866 2392 admodum
903 2358 961 2390 iu-

213 2416 299 2439 vene
319 2405 536 2439 Domitiano
562 2416 606 2439 ea:
629 2409 786 2449 paterna
810 2406 963 2447 fortuna

214 2455 359 2486 tantum
392 2453 576 2486 licentiam
606 2455 824 2496 usurpante3
858 2463 884 2485 s.
919 2464 963 2485 zu

217 2503 306 2541 c.2,
336 2503 365 2533 1

266 2552 298 2580 9.
327 2547 503 2592 audebat]
534 2547 628 2581 ‘sich
654 2521 930 2581 herausnahm’.

267 2597 320 2627 10.
348 2598 502 2629 recentes
510 2595 721 2646 clarosque]
750 2593 810 2628 ein
833 2591 878 2627 ἐν
899 2590 962 2627 διὰ

217 2641 340 2683 δυοῖν,
369 2640 480 2676 ‘noch
507 2640 544 2676 in
570 2641 745 2676 frischem
772 2640 937 2675 Glanze’

264 2699 386 2722 rerum
435 2689 538 2732 fama
584 2687 830 2723 ‘Thatenruf’
838 2716 846 2731 ,
895 2687 964 2721 wie

217 2734 304 2779 Agr.
332 2738 389 2770 45.

268 2786 322 2816 11.
373 2783 491 2825 fovere
543 2782 701 2817 ‘warme
746 2782 964 2817 Teilnahme

217 2829 408 2872 witimen’3
436 2841 462 2864 s.
491 2842 534 2864 zu
561 2830 588 2872 I,
615 2834 647 2874 8,
676 2834 706 2864 9.
734 2830 798 2872 ΙΙΙ,
823 2832 879 2872 83,
907 2832 938 2863 2.

268 2881 321 2911 1-2.
376 2876 526 2911 Crassus
573 2877 840 2912 Scribonianus
888 2887 964 2910 war

1029 1172 1092 1206 des
1124 1171 1425 1217 Adoptivsohnes
1457 1182 1531 1206 von
1563 1171 1702 1216 Galba,
1735 1172 1775 1208 L.

1029 1219 1251 1263 Calpurnius
1286 1218 1370 1254 Piso
1408 1218 1523 1264 Frugi
1559 1218 1773 1254 Licinianus

1030 1268 1070 1311 (s.
1098 1278 1142 1300 zu
1166 1266 1198 1309 Ι,
1228 1270 1288 1311 14,
1316 1267 1370 1311 6),
1398 1266 1535 1301 alterer
1560 1266 1716 1310 Bruder;
1748 1279 1774 1303 s.

1029 1314 1124 1357 zuI‚
1155 1294 1209 1358 15',
1238 1318 1292 1349 15.

1081 1364 1135 1396 13.
1168 1361 1342 1407 imayine]
1384 1371 1468 1395 cum
1505 1360 1626 1396 titulis
1665 1362 1779 1396 hono-

1032 1420 1114 1443 rum
1138 1409 1176 1443 in
1203 1408 1299 1443 atrio
1326 1407 1520 1443 collocata.

1081 1459 1135 1490 14.
1180 1457 1280 1490 haud
1323 1455 1513 1502 defutura]
1561 1448 1697 1491 ‘wobei
1741 1467 1779 1491 es

1032 1503 1137 1538 nicht
1169 1502 1313 1549 gefehl‘c
1344 1503 1467 1537 haben
1492 1503 1648 1545 wurde’3
1681 1515 1708 1538 s.
1737 1515 1781 1538 zu

1031 1551 1059 1594 I,
1079 1554 1136 1595 20,
1157 1554 1189 1585 4.
1240 1542 1340 1585 Uber
1364 1550 1429 1585 das
1453 1550 1553 1585 Part.
1573 1530 1654 1585 Fui.
1675 1550 1776 1585 beim

1031 1578 1292 1643 b'edingenden
1319 1597 1428 1632 Satze
1454 1609 1481 1632 s,
1509 1609 1552 1632 zu
1571 1597 1635 1641 ΙΙΙ,
1653 1601 1778 1641 19,12.

1033 1646 1209 1691 Draeger,
1237 1644 1340 1690 Synt.
1367 1649 1386 1688 ξ
1415 1648 1492 1680 195.

1084 1697 1136 1728 15.
1152 1693 1316 1738 paratis]
1340 1692 1422 1728 Abl.
1438 1703 1511 1727 von
1525 1695 1667 1736 parata
1687 1692 1781 1727 stati:

1033 1740 1140 1775 rebus
1158 1741 1327 1785 paratis3
1356 1752 1382 1774 s.
1409 1752 1453 1774 zu
1478 1739 1541 1784 ΙΙΙ,
1568 1743 1624 1782 64,
1651 1743 1683 1774 8.

1081 1788 1281 1833 corrumpi]
1323 1789 1416 1822 statt
1447 1787 1510 1822 des
1547 1786 1778 1822 klassischen

1033 1836 1082 1870 ad
1107 1836 1421 1880 corrumpendum.

1078 1883 1183 1928 adeo]
1213 1895 1238 1917 s.
1265 1894 1309 1917 zu
1336 1883 1361 1926 I,
1383 1887 1414 1926 9,
1436 1886 1467 1917 3.
1494 1882 1558 1925 III,
1579 1887 1635 1926 39,
1657 1887 1688 1918 9.

1081 1934 1135 1965 18.
1161 1931 1319 1966 discessu
1340 1930 1463 1965 Cluvii
1481 1929 1588 1976 Rufi]
1615 1929 1648 1965 S.
1669 1931 1715 1975 ΙΙ,
1736 1933 1780 1966 65

1031 1978 1106 2013 und
1146 1979 1250 2012 mehr
1287 1978 1378 2012 iiber
1414 1978 1480 2012 ihn
1517 1990 1561 2012 zu
1598 1978 1631 2020 Ι,
1670 1981 1708 2022 8,
1744 1981 1777 2012 2.

1032 2024 1180 2060 Mucian
1218 2025 1343 2060 stellte
1382 2025 1466 2060 dem
1503 2025 1685 2060 Antonius
1723 2024 1784 2060 die

1036 2072 1193 2108 Provinz
1218 2072 1399 2117 Hispania
1425 2072 1709 2108 Tarraconensis
1743 2071 1783 2106 in

1036 2120 1225 2162 Aussicht,
1255 2120 1314 2154 die
1341 2119 1458 2155 durch
1484 2119 1544 2154 die
1568 2118 1781 2164 freiwillige

1037 2167 1269 2212 Entfernung
1289 2168 1353 2202 des
1374 2166 1524 2202 Cluvius
1544 2166 1661 2201 Rufus
1687 2167 1783 2202 ohne

1038 2214 1263 2250 Statthalter
1301 2214 1364 2250 sei.
1428 2214 1479 2248 Zu
1516 2220 1669 2249 vacuam
1706 2213 1780 2259 vgl.

1037 2262 1115 2297 Liv.
1154 2261 1292 2305 XXIII,
1330 2265 1368 2305 2,
1409 2266 1428 2296 7
1461 2261 1599 2305 plebem
1625 2288 1633 2295 .
1656 2290 1663 2297 .
1685 2288 1693 2296 .
1714 2271 1784 2305 per

1036 2310 1176 2345 caedem
1213 2312 1360 2344 senatus
1384 2319 1539 2343 vacuam
1566 2319 1640 2343 rem
1663 2308 1785 2352 publi-

1036 2368 1114 2391 cam
1147 2357 1289 2391 tradere
1320 2356 1534 2391 Hannibali
1574 2366 1617 2391 ac
1650 2356 1785 2391 Poenis

1035 2405 1120 2439 velle
1145 2404 1220 2438 und
1247 2416 1291 2438 zu
1317 2403 1360 2437 H.
1387 2402 1432 2447 ΙΙ,
1461 2407 1514 2446 14,
1543 2406 1575 2438 6.

1083 2452 1313 2494 tribwnatus,
1357 2450 1498 2485 Stellen
1541 2450 1596 2484 als
1642 2449 1782 2484 tribuni

1036 2498 1217 2541 militum3
1250 2498 1521 2542 praefecturae,
1559 2497 1700 2532 Stellen
1726 2497 1781 2531 als

1037 2545 1217 2590 praefecti
1249 2546 1410 2589 alarum,
1443 2544 1651 2580 cohortium
1682 2543 1782 2578 auxi-

1038 2593 1198 2636 liarium,
1224 2592 1413 2627 fabrorum
1440 2593 1510 2628 etc.

1088 2644 1143 2675 19.
1163 2639 1326 2686 inanem]
1346 2639 1368 2675 i.
1391 2650 1421 2675 e.
1441 2650 1509 2684 per
1527 2637 1653 2674 inania
1671 2637 1783 2673 hono-

1037 2687 1086 2721 ris
1113 2689 1274 2732 captum.
1800 2684 1805 2688 ’

1085 2738 1142 2770 20.
1180 2735 1222 2769 in
1258 2732 1427 2779 hiberna]
1468 2733 1505 2767 in
1544 2733 1783 2769 Pannoniam.

1039 2781 1071 2816 S.
1101 2794 1144 2816 zu
1171 2783 1214 2824 Il,
1242 2785 1298 2824 86,
1324 2785 1354 2816 1.

1085 2833 1140 2862 21.
1167 2828 1336 2874 septima]
1364 2827 1559 2863 Galbiana.

1083 2876 1205 2921 tertia]
1234 2875 1396 2919 Gallica3
1423 2887 1450 2910 s.
1472 2887 1515 2910 zu
1536 2876 1562 2919 I,
1584 2879 1639 2919 10,
1661 2878 1692 2909 1.
