1875 3214
567 111 713 147 LIBER
739 112 802 148 IV.
857 112 956 148 CAP.
986 117 1138 149 se—si.
1566 112 1652 154 191

75 225 246 276 effigiem
281 224 492 277 adsistere,
526 236 643 276 quam
683 224 864 276 plerique
898 224 1180 276 Proserpinam
1215 231 1367 264 vocent.
1426 224 1494 263 sed
1528 224 1657 264 Ptole-

0 278 2 281 *
65 297 226 336 manS,
259 290 304 323 ut
336 291 430 323 sunt
460 285 619 335 ingenia
658 296 816 335 regum,
855 297 1006 335 pronus
1040 285 1088 323 ad
1128 285 1401 336 formidinem,
1441 284 1511 323 ubi
1544 297 1656 324 secu-

70 346 168 384 ritas
194 343 325 396 rediit,
351 344 598 396 voluptatum
620 356 736 394 quam
759 343 996 395 religionum
1018 344 1209 396 adpetens
1238 345 1446 396 neglegere
1467 344 1657 395 paulatim

70 404 245 456 aliasque
278 403 325 443 ad
359 416 476 443 curas
509 404 684 442 animum
718 408 891 456 vertere,
924 404 1051 443 donee
1084 404 1221 443 eadem
1253 406 1407 456 species
1435 404 1655 443 terribilior

69 465 147 503 iam
181 469 220 502 et
252 464 465 503 instantior
498 464 662 502 exitium
695 464 773 514 ipsi
807 475 1010 515 regnoque
1044 464 1317 515 denuntiaret,
1357 465 1398 502 ni
1440 465 1548 502 iussa
1588 476 1653 515 pa·
1676 478 1690 502 ε

69 529 286 563 trarentur.
349 529 433 562 tum
472 523 622 574 legatos
668 528 707 561 et
745 522 846 561 dona
890 523 1211 575 Scydrothemidi
1243 525 1329 574 regi
1368 519 1423 577 (is
1457 529 1553 562 tunc
1594 524 1652 562 Si-

68 583 316 635 nopensibus
347 579 620 635 imperitabat)
655 582 836 634 expediri
868 583 979 622 iubet.
1012 585 1286 635 praecipitque
1323 584 1577 635 navigaturis,
1612 589 1656 622 ut

68 642 281 695 Pythicum
318 642 541 694 Apollinem
587 642 740 681 adeant.
804 642 881 681 illis
927 655 1035 682 mare
1081 642 1319 695 secundum,
1372 655 1459 681 sors
1505 642 1657 682 oraculi

68 702 172 741 haud
206 701 408 754 ambigua:
445 704 552 741 irent
585 701 932 756 simulacrumque
956 704 1082 754 patris
1115 704 1178 741 sui
1210 702 1465 755 reveherent,
1506 703 1655 741 sororis

67 761 1697 813 relinquerent.-

188 821 239 861 Ut
278 821 453 873 Sinopen
494 833 659 874 tenere
704 833 871 860 muncia
911 834 1052 890 pleees
1092 822 1274 861 mandata
1313 823 1421 874 regis
1461 823 1523 860 sui
1563 821 1654 874 Scy·
1672 824 1733 866 84

70 881 313 920 drothemidi
357 881 551 933 adlegant
616 882 684 933 qui
716 881 899 920 diversus
932 883 1053 920 animi
1086 882 1201 921 modo
1241 894 1389 920 numen
1428 894 1656 934 pavescelc,

69 941 187 980 modo
220 942 339 980 minis
372 941 620 980 adversantis
654 941 790 993 populi
830 943 999 981 terreri:
1046 954 1164 993 saepe
1209 941 1325 980 donis
1364 943 1656 993 promissisque

71 1000 295 1052 legatorum
333 1000 582 1040 flectebatur.
646 1006 763 1052 atque
803 1002 966 1040 interim
1011 1003 1183 1041 triennio
1227 1008 1364 1040 exacto
1404 1001 1656 1040 Ptolemaeus

72 1073 152 1100 non
180 1061 369 1113 studium,
395 1073 475 1100 non
501 1073 644 1113 preces
672 1062 875 1113 omittere;
912 1061 1146 1113 dignitatem
1172 1061 1411 1114 legatorum,
1445 1073 1655 1100 numerum
1678 1074 1690 1080 ·

69 1122 252 1173 navium,
297 1121 385 1160 auri
425 1121 583 1172 pondus
628 1120 808 1172 augebat.
872 1126 955 1159 tum
998 1122 1130 1160 minax
1177 1121 1296 1160 facies
1337 1120 1658 1172 Scydrothemidi

69 1180 253 1233 offertur,
292 1192 342 1219 ne
382 1180 578 1219 destinata
619 1180 692 1219 deo
734 1180 837 1219 ultra
870 1186 1114 1220 moraretur:
1148 1186 1402 1219 cunctantem
1431 1182 1536 1219 varia
1569 1193 1657 1231 per-

69 1241 196 1279 nicies
240 1239 451 1292 morbique
496 1242 536 1279 et
579 1240 788 1279 manifesta
834 1239 1066 1279 caelestium
1111 1242 1169 1279 ira
1215 1242 1452 1292 graviorque
1492 1242 1531 1278 in
1573 1240 1658 1279 dies

71 1299 271 1352 fatigabat.
323 1300 511 1339 advocata
539 1301 725 1339 contione
752 1301 861 1339 iussa
888 1302 1076 1352 numinis,
1104 1312 1197 1339 suos
1217 1299 1515 1351 Ptolemaeique
1536 1301 1658 1352 visus,

69 1381 326 1474 &erstandlieh
348 1438 411 1473 sei.
438 1438 602 1473 Ahnlieh
615 1437 657 1473 A.
670 1438 822 1483 XIV,11

71 1486 348 1532 (Agrippinam)
380 1486 536 1530 publica
572 1487 728 1529 fortuna
765 1497 825 1521 ecc-

67 1535 241 1570 stinctam
272 1533 448 1577 referens:
480 1545 636 1579 namque
668 1537 701 1569 et
733 1545 826 1568 nau-

66 1583 232 1629 fragium
250 1581 453 1624 narra;bat
467 1581 606 1616 ebenso
621 1581 723 1617 steht:
739 1593 827 1617 nam

70 1631 112 1666 A.
147 1628 244 1674 XIV,
285 1632 329 1664 52
368 1629 574 1665 obiciebant
612 1630 720 1664 ettam
758 1629 826 1665 elo-

953 1443 1006 1473 19.
1029 1439 1177 1473 animus
1199 1438 1275 1473 ‘die
1298 1437 1657 1481 Aufmeiksamkeit,

901 1486 961 1521 die
983 1485 1217 1521 Gedanken’.
1264 1486 1367 1520 Dazu
1391 1486 1476 1521 tritt
1502 1485 1555 1519 im
1574 1496 1656 1520 vor-

900 1533 1133 1568 klassischen
1186 1533 1544 1579 Sprachgebrauche
1591 1534 1655 1568 acl-

901 1585 1046 1624 vertere,
1072 1582 1125 1616 im
1151 1580 1381 1616 klassischen
1409 1583 1620 1616 eonrertere.

949 1633 1006 1664 20.
1028 1630 1130 1664 iussa
1144 1629 1406 1675 patrarentur]
1430 1628 1500 1663 wie
1519 1629 1560 1663 A.
1578 1627 1657 1672 XII,

69 1678 239 1724 quentiae
265 1677 410 1712 laudem
435 1678 505 1711 uni
530 1677 602 1712 sibi
628 1678 827 1713 adsciscere

70 1725 281 1771 (Senecam)
314 1727 347 1760 et
379 1725 547 1760 carmina
573 1725 735 1760 crebrius
766 1725 825 1768 fa-

69 1775 218 1816 ctitare,
247 1775 444 1818 postquam
469 1773 613 1808 Neroni
644 1783 746 1808 amor
772 1783 825 1808 eo-

68 1833 152 1857 rum
198 1821 369 1856 venisset:
419 1831 506 1855 nam
557 1821 827 1856 oblectamentis

64 1869 255 1924 principis
277 1868 410 1913 palam
434 1868 603 1913 iniquum
630 1869 827 1903 detrectare

67 1918 141 1952 ‘cim
185 1917 262 1952 eius
299 1926 406 1960 equos
443 1917 618 1960 reqentis,
661 1916 827 1950 inludere

68 1975 187 2007 voces,
220 1964 385 2017 quotiens
416 1966 580 2006 caneret;
617 1963 655 1998 G.
689 1967 732 1997 14
765 1974 823 1998 esc-

67 2013 177 2058 iyunt
203 2024 226 2047 a
245 2011 437 2056 principis
461 2012 521 2046 sui
540 1991 759 2046 liberalitate
780 2011 823 2046 il-

69 2061 145 2096 lum
171 2060 378 2095 bellatorem
403 2070 544 2105 equum,
572 2059 676 2094 illam
695 2069 824 2094 cruen-

66 2110 143 2143 tam
186 2107 439 2151 victricemque
488 2107 688 2150 frameam:
738 2117 825 2140 nam

72 2156 201 2201 epulae
220 2158 253 2190 et
272 2165 493 2200 quamquam
511 2155 701 2199 incompti,
728 2155 826 2199 largi

67 2206 189 2238 tamen
196 2204 405 2248 apparatus
409 2212 482 2247 pro
490 2203 671 2248 stipendio
681 2202 823 2237 cedunt.

120 2255 175 2287 16.
192 2250 383 2297 adsistere]
405 2249 456 2284 im
474 2249 586 2285 Sinne
604 2261 677 2285 von
691 2250 825 2292 adesse,

69 2298 140 2334 wie
171 2298 242 2341 ΠΙ,
269 2302 312 2332 31
346 2301 473 2341 orant,
503 2301 546 2333 ut
575 2309 707 2334 causae
738 2308 826 2333 suae

69 2347 282 2392 deprecator
307 2346 475 2381 adsistat.

111 2395 279 2439 plerique
333 2393 474 2439 vocent]

68 2441 213 2487 niglich
239 2440 388 2477 nenne’.

119 2493 174 2525 17.
201 2489 378 2524 securitas
413 2487 720 2534 ‘Sorglosigkeit,
755 2487 825 2523 Ge-

71 2536 156 2572 ffihl
181 2537 247 2572 cler
268 2535 508 2579 Sicherheit’,
535 2536 605 2571 wie
624 2535 670 2579 Π,
694 2540 747 2579 12,
772 2540 825 2571 11.

122 2588 176 2620 18.
204 2585 398 2629 reliyiones
432 2583 514 2619 hier
549 2583 826 2629 ‘Gegenst'ande

71 2633 136 2668 des
162 2631 327 2667 Kultus'.

118 2679 314 2726 neyleyere]
369 2678 519 2714 absolut
559 2677 726 2724 ‘gleichg
729 2678 827 2724 altig

69 2727 255 2771 werdenss
286 2726 358 2761 wie
384 2725 458 2762 Cic.
485 2725 583 2760 Phil.
610 2725 697 2760 XIII
723 2730 742 2769 ξ
770 2731 826 2762 33.

72 2775 160 2811 Sall.
187 2775 267 2820 Iug.
294 2778 358 2819 31,
392 2778 437 2809 28
464 2775 579 2809 bonus
604 2775 748 2819 seynior
773 2775 827 2818 fit,

72 2823 137 2860 ubi
162 2823 341 2869 neyleyas.
380 2822 472 2856 Zum
490 2821 744 2857 vereinzelten
758 2822 828 2857 Ge-

70 2870 234 2905 brauche
282 2869 346 2904 des
388 2869 456 2904 Inf.
502 2869 752 2914 descriptivus
800 2881 827 2904 s.

73 2917 259 2964 Heraeus,
278 2917 345 2952 lat.
362 2916 533 2962 Schulgr.
555 2920 574 2959 ἓ
592 2921 670 2961 190,
684 2921 704 2953 2
720 2918 827 2953 Anm.

529 2393 539 2409 ‘
550 2404 638 2428 man
687 2392 826 2439 gemei-

902 1680 947 1712 26
973 1677 1106 1722 quibus
1126 1678 1313 1722 patratis;
1346 1678 1420 1723 vgl.
1449 1688 1478 1712 c.
1507 1680 1571 1720 81,
1602 1681 1656 1711 17.

949 1728 1006 1760 22.
1033 1725 1203 1770 expedire
1231 1724 1486 1770 ‘abfertigen’.

950 1776 1008 1807 23.
1033 1783 1112 1808 sors
1142 1773 1314 1817 poetisch
1346 1772 1423 1807 und
1455 1772 1658 1807 nachklas-

902 1820 1001 1854 sisch
1027 1820 1086 1854 fiir
1112 1831 1324 1864 responsum
1351 1820 1442 1854 oder
1467 1820 1598 1862 fatum.

949 1871 1006 1902 24.
1029 1869 1153 1912 patris
1177 1867 1254 1913 sui]
1280 1867 1304 1903 i.
1327 1878 1357 1902 e.
1379 1866 1491 1909 Iovis,
1518 1866 1657 1912 quippe

901 1915 966 1959 qui
998 1926 1020 1949 a
1052 1914 1190 1960 Pythia
1223 1925 1307 1950 cum
1335 1914 1423 1950 Iove
1456 1914 1543 1950 Dite
1570 1925 1658 1949 con-

901 1962 1095 2007 fundatur,
1134 1962 1206 1997 nisi
1245 1973 1290 1997 ex
1328 1973 1389 2006 eo,
1430 1963 1530 2007 quod
1570 1962 1657 1997 Tac.

900 2009 1052 2055 scripsit:
1067 2011 1202 2055 patrui
1215 2011 1286 2053 sui,
1302 2010 1496 2055 duplicata
1509 2021 1526 2045 s
1543 2010 1656 2045 litera

896 2059 1017 2103 patris
1043 2059 1104 2093 sui
1140 2059 1358 2103 corruptum
1385 2068 1463 2093 esse
1492 2068 1656 2094 censeas,

948 2105 1010 2141 84.
1050 2110 1082 2140 2.
1121 2106 1286 2141 diversus
1324 2105 1458 2152 animi]
1499 2105 1534 2140 d.
1559 2105 1584 2140 i.
1618 2104 1658 2140 in

900 2153 1065 2189 diversas
1093 2155 1219 2199 partes
1242 2154 1385 2188 tractus
1406 2152 1655 2188 dubitatione.

900 2202 990 2236 Zum
1017 2201 1107 2237 Gen.
1135 2199 1332 2236 relationis
1358 2201 1433 2246 vgl.
1457 2212 1487 2237 c.
1509 2204 1554 2236 48
1580 2203 1642 2235 tur

900 2249 1009 2284 bidus
1035 2250 1173 2291 animi;
1198 2248 1262 2292 ΙΙΙ,
1292 2251 1336 2283 73
1363 2252 1493 2293 eaptus
1519 2248 1658 2290 animi,-

899 2297 942 2331 A.
970 2297 1033 2341 IV,
1061 2300 1105 2331 59
1131 2297 1248 2340 ficlens
1274 2297 1412 2338 animi‚·
1437 2296 1502 2340 VI,
1526 2300 1572 2331 46
1599 2292 1657 2330 in-

901 2348 1020 2380 certus
1039 2345 1167 2380 animi.
1195 2344 1373 2389 Draeger,
1390 2344 1494 2387 Synt.
1511 2347 1529 2386 ξ
1546 2348 1602 2386 71,
1616 2343 1654 2378 b.

948 2404 1083 2428 nmnen
1097 2392 1304 2438 pavescere]
1329 2404 1355 2426 s.
1377 2404 1421 2426 zu
1441 2391 1504 2435 III,
1526 2395 1582 2433 56,
1600 2395 1655 2427 10.

951 2444 980 2476 7.
1009 2440 1089 2486 cleo]
1130 2439 1205 2475 Der
1243 2438 1357 2474 Dativ
1390 2438 1538 2474 enth'alt
1573 2438 1657 2474 hier

902 2488 1009 2523 einen
1035 2487 1289 2533 Doppelsinn,
1315 2487 1483 2523 insofern
1509 2497 1549 2521 er
1575 2487 1656 2521 ent-

901 2536 1026 2571 weder
1052 2535 1106 2570 als
1131 2534 1216 2570 Dat.
1244 2534 1308 2570 des
1333 2534 1520 2569 Urhebers
1548 2537 1589 2578 (s.
1611 2547 1656 2569 zu

900 2583 927 2627 Ι,
957 2588 1010 2627 11,
1033 2584 1069 2627 8)
1097 2582 1187 2618 oder
1213 2582 1267 2617 als
1293 2583 1377 2617 Dat.
1405 2582 1470 2617 der
1495 2582 1655 2617 Bestim-

900 2642 1017 2675 mung
1049 2630 1228 2676 gedeutet
1257 2630 1409 2665 werden
1434 2624 1546 2665 kann.
1599 2629 1656 2663 lm

903 2680 1067 2713 ersteren
1110 2677 1214 2712 Faue
1258 2677 1310 2712 ist
1347 2677 1413 2713 der
1456 2689 1506 2722 py
1481 2676 1656 2722 ythische

903 2727 1010 2770 Gott,
1036 2726 1089 2760 im
1116 2725 1295 2761 letzteren
1315 2725 1380 2760 der
1400 2725 1569 2770 Iuppiter
1589 2724 1656 2759 Dis

902 2774 1078 2819 gemeint.

944 2822 1127 2866 pernicies
1155 2822 1251 2855 etwa
1280 2819 1606 2864 ‘Heimsuchung’.

952 2874 983 2903 9.
1017 2868 1217 2914 fatiyabat]
1260 2867 1358 2903 ‘liess
1392 2866 1504 2902 keine
1536 2866 1654 2910 Ruhe,

903 2916 1138 2962 bedriingte’g
1167 2927 1192 2951 s.
1221 2928 1266 2950 zu
1293 2927 1322 2951 c.
1352 2919 1409 2961 35,
1438 2918 1466 2950 1.
1493 2914 1520 2959 I,
1542 2917 1598 2958 29,
1624 2918 1652 2950 1.
