1875 3214
615 89 762 126 LIBER
787 90 849 127 IV.
903 90 1007 127 CAP.
1036 95 1139 127 6—8.
1621 90 1677 132 99

92 208 303 252 amicitiam
337 217 428 245 cum
455 203 648 256 Thrasea,
682 203 852 253 Sorano,
888 203 1043 256 Senti03
1078 216 1247 255 quorum
1277 209 1531 242 accusatores
1559 205 1677 243 etiam

92 270 125 308 si
156 267 291 319 pun-iri
323 277 402 304 non
437 270 636 316 oporteat,
675 265 868 302 ostentari
902 276 980 302 non
1014 263 1173 303 debere.
1226 263 1301 303 hoc
1335 270 1497 303 senatus
1531 264 1677 303 iudicio

90 327 198 368 velut
229 325 434 365 admoneri
472 325 714 376 principem,
755 336 855 375 quos
887 323 1048 376 probet,
1083 336 1182 376 quos
1216 323 1460 363 reformidet.
1524 323 1677 363 nullum

89 388 216 428 maius
248 385 342 425 honi
371 386 529 436 imperii
561 385 875 422 instrumentum
916 396 1033 435 quam
1066 384 1193 422 bonos
1231 385 1379 422 amicos
1418 396 1518 423 esse.
1583 385 1678 423 satis

89 445 291 498 Marcello,
319 445 424 497 quod
456 444 656 483 Neronem
681 445 722 482 in
744 444 911 482 exitium
933 449 991 483 tot
1022 444 1298 483 innocentium
1326 443 1536 496 inpulerit:
1571 444 1675 483 frue-
1696 452 1730 478 15

89 512 202 547 retur
232 506 422 557 praemiis
455 510 495 543 et
532 505 774 556 inpunitate,
817 502 1102 555 Vespasianum
1143 503 1376 543 melioribus
1416 503 1674 555 relinqueret.

207 564 418 604 Marcellus
451 576 530 603 non
564 576 675 603 suam
711 565 950 602 sententiam
989 565 1220 616 inpugnari,
1260 563 1329 602 sed
1370 564 1576 602 consulem
1610 560 1716 603 de-8

89 627 288 678 signatum
327 625 533 664 censuisse
573 623 731 663 dicebat
782 623 1003 663 secundum
1046 630 1181 663 vetera
1215 623 1412 675 exempla,
1452 636 1552 675 quae
1594 636 1676 662 sor-

87 692 167 727 tem
199 684 465 737 legationibus
490 685 738 736 posuissent,
771 696 821 723 ne
848 683 1056 722 ambitioni
1083 690 1151 723 aut
1177 685 1398 723 inimicitiis
1426 683 1537 722 locus
1565 683 1676 723 foret.

86 745 185 786 nihil
217 746 416 796 evenisse,
461 757 534 784 cur
572 745 795 796 antiquitus
834 745 1017 783 instituta
1057 744 1333 783 exolescerent
1372 749 1441 782 aut
1479 744 1675 794 principis

86 806 213 846 honor
245 807 286 844 in
313 806 550 856 cuiusquam
584 803 866 843 contumeliam
898 810 1141 857 verteretur,
1176 804 1362 843 sufficere
1397 815 1535 842 omnes
1563 802 1675 842 obse·
1695 811 1711 837 5

86 867 192 919 quio.¹
242 865 280 904 id
314 866 439 917 magis
469 864 693 916 vitandum,
726 877 776 903 ne
804 865 1026 916 pervicacia
1054 864 1305 916 quorundam
1332 865 1568 902 inritaretur
1595 864 1675 902 ani·

82 938 171 966 mus
204 938 305 965 novo
338 926 565 976 principatu
600 936 820 976 suspensus
855 931 895 964 et
927 924 1058 963 vultus
1094 937 1253 976 quoque
1281 937 1325 963 ac
1359 936 1565 963 sermones
1593 936 1674 962 om·

72 987 193 1026 *nium
226 987 580 1036 circumspectans.
646 997 688 1024 se
720 986 952 1023 meminisse
994 990 1240 1037 temporum,
1280 983 1426 1036 quihus
1460 989 1577 1023 natus
1610 984 1673 1035 sit,

83 1058 201 1099 quam
233 1046 406 1085 civitatis
446 1046 614 1084 formam
646 1050 782 1096 patres
815 1046 957 1096 avique
991 1046 1258 1095 instituerint,
1298 1043 1489 1083 ulteriora
1524 1045 1673 1096 mirari,

80 1106 307 1158 praesentia
341 1106 472 1158 sequi3
505 1104 633 1144 bonos
671 1107 937 1156 imperatores
976 1110 1066 1143 voto
1106 1110 1313 1156 expetere,
1360 1104 1672 1155 qualescumque
1693 1113 1728 1138 10

81 1166 264 1206 tolerare.
328 1177 408 1204 non
442 1166 566 1217 magis
600 1177 670 1204 sua
711 1166 889 1203 oratione
924 1164 1141 1204 Thraseam
1176 1177 1292 1217 quam
1327 1164 1475 1203 iudicio
1511 1169 1673 1202 senatus

80 1225 306 1266 adflictum:
339 1226 543 1264 saevitiam
575 1224 746 1264 Neronis
779 1237 851 1276 per
886 1226 972 1264 eius
1006 1225 1112 1264 modi
1145 1226 1338 1276 imagines
1366 1224 1566 1275 inlusisse,
1599 1236 1673 1262 nec

79 1287 213 1325 minus
253 1285 330 1324 sibi
369 1286 525 1324 anxiam
567 1284 685 1324 talem
726 1286 939 1324 amicitiam
980 1298 1098 1336 quam
1132 1285 1218 1323 aliis
1259 1284 1434 1323 exilium.
1499 1284 1672 1335 denique

81 1347 302 1388 constantia
346 1345 582 1384 fortitudine
635 1344 851 1384 Catonibus
904 1351 943 1383 et
987 1344 1122 1384 Brutis
1169 1350 1409 1397 aequaretur
1449 1343 1672 1383 Helvidius:

81 1418 122 1446 se
156 1418 282 1445 unum
315 1417 404 1444 esse
438 1417 484 1443 ex
518 1405 582 1444 illo
617 1410 784 1458 senatu,
824 1406 893 1456 qui
932 1404 1050 1443 simul
1091 1406 1297 1457 servierit3
1350 1404 1518 1443 suadere
1553 1405 1671 1443 etiam
1692 1412 1726 1439 15

912 1520 1072 1555 natoren
1105 1520 1208 1555 seien
1240 1522 1309 1565 gut
1339 1531 1482 1564 genug,
1515 1531 1578 1554 um
1612 1518 1672 1554 die

911 1567 1135 1613 Huldigung
1162 1579 1207 1602 zu
1235 1567 1498 1612 iiberbringen.

129 1525 185 1556 11.
202 1521 328 1556 Barea
336 1519 504 1555 Soranus
520 1520 648 1555 consul
663 1519 837 1565 designa-

78 1570 140 1604 tus
168 1568 221 1603 im
247 1568 280 1604 J.
308 1571 353 1603 52
380 1580 414 1603 n.
443 1566 528 1604 Chr.
557 1569 616 1612 (A.
644 1567 731 1611 XII,
764 1569 836 1611 53).

78 1610 302 1653 Uberihns.
318 1627 347 1652 c.
360 1620 415 1652 10.
426 1620 484 1651 40.
496 1615 538 1649 A.
548 1615 646 1659 XVI,
663 1620 720 1651 21
731 1616 836 1661 23fg.

130 1664 279 1700 Sentius
299 1663 351 1699 ist
371 1665 477 1700 sonst
495 1663 727 1699 unbekannt.
755 1663 837 1699 Rit-

78 1714 137 1749 ter
162 1713 352 1748 vermutet
377 1711 487 1747 Ateio
521 1712 583 1746 fiir
609 1711 736 1748 Sentio
761 1712 837 1747 und

78 1761 255 1796 verweist
280 1759 349 1795 auf
370 1760 413 1796 A.
442 1759 540 1803 XVI,
570 1764 625 1796 14.

130 1812 186 1844 12.
215 1808 434 1844 ostentare‘
439 1820 504 1843 zm·
529 1808 653 1855 Schau
688 1808 835 1851 stellen,

78 1856 279 1903 grofst-hun
326 1856 397 1892 mit
433 1856 510 1891 —’.
574 1848 675 1891 Uber
713 1856 838 1891 debere

82 1916 108 1940 s.
137 1917 180 1940 zu
206 1903 272 1949 III,
300 1908 358 1948 70,
385 1908 441 1938 21.

129 1956 185 1988 16.
206 1952 405 1998 praemiis]
431 1951 631 1986 Marcellus
651 1951 758 1985 hatte
779 1951 838 1985 fiir

79 2000 140 2035 die
167 2000 341 2045 Anklage
368 2010 442 2045 geg
444 2010 491 2035 en
516 1999 685 2034 Thrasea
711 2002 731 2033 5
754 1998 838 2033 Mil-

78 2048 207 2084 lionen
233 2048 399 2083 Sesterze
437 2049 550 2092 (etwa
576 2051 597 2081 2
623 2046 716 2081 Μ111.
744 2047 835 2092 Mk)

78 2096 304 2132 bekommen
336 2097 395 2141 (A.
421 2094 519 2140 XVI,
546 2096 619 2140 33).

127 2144 166 2180 8.
204 2148 236 2179 2.
276 2147 397 2179 vetera
433 2143 613 2188 exempla]
659 2141 708 2177 Es
747 2142 837 2177 kam

79 2190 285 2238 allerdings
313 2192 428 2226 ofters
454 2202 539 2232 vor,
566 2190 647 2225 dass
674 2190 737 2226 bei
764 2190 835 2226 Ge-

79 2239 364 2276 sandtschaften
401 2239 462 2275 die
495 2238 611 2274 Wahl
651 2238 717 2273 der
750 2238 836 2273 Mit-

78 2286 223 2334 glieder
277 2286 414 2322 durchs
466 2286 538 2322 Los
589 2286 836 2322 entschieden

78 2335 218 2370 wurde.
269 2334 355 2380 Vgl.
392 2333 467 2370 Cic.
505 2335 552 2369 ad
586 2335 665 2369 Att.
702 2335 739 2377 I,
777 2338 832 2378 19,

79 2386 100 2418 2
126 2383 179 2429 fg.
205 2386 354 2419 senatus
380 2383 550 2426 decrevit,
577 2386 618 2417 ut
638 2410 646 2417 .
664 2409 694 2416 ..
723 2383 835 2427 Zeyati

79 2442 161 2467 eum
207 2431 426 2466 auctoritate
469 2431 721 2472 mitterentur,
772 2432 837 2475 qui

80 2480 226 2514 adirent
259 2479 406 2514 Galliae
438 2479 603 2514 civitates
630 2507 637 2513 .
663 2506 669 2512 .
693 2505 699 2511 .
728 2481 837 2523 atque

79 2527 144 2562 hoc
175 2527 251 2562 loco
276 2527 372 2562 illud
403 2537 480 2562 ‘nort
504 2536 592 2571 queo
621 2528 836 2570 praeterire,

80 2575 188 2619 quod,
203 2585 284 2610 cum
298 2575 342 2610 de
356 2574 614 2610 consularibus
622 2584 701 2609 mea
709 2575 837 2618 prima

79 2632 157 2658 sors
191 2623 340 2666 exisset,
371 2633 450 2658 una
475 2633 557 2657 voce
581 2625 730 2657 senatus
764 2622 835 2665 fre-

80 2681 191 2715 quens
224 2670 457 2705 retinendum
487 2681 541 2705 me
574 2670 617 2704 i'n
641 2670 731 2704 urbe
757 2681 836 2705 een-

80 2718 166 2753 suit.
205 2717 356 2753 Cassius
375 2718 447 2753 Dio
466 2717 566 2761 LIX,
594 2720 639 2752 23
660 2715 837 2779 πρέσβεις

80 2777 120 2800 τε
159 2761 214 2800 ἐπ’
257 2763 386 2806 αὐτοῖς
430 2762 564 2805 ἄλλους
610 2763 732 2812 κλήρῳ
771 2765 837 2800 καὶ

80 2809 157 2848 τὸν
172 2810 365 2849 Κλαύδιον
391 2810 545 2858 αἶρε-τὸν
574 2811 762 2858 ἐᾝπεμψαν

129 2865 161 2896 3.
182 2862 333 2897 ambitio
355 2861 546 2897 ‘Kabale’
587 2859 622 2896 S.
647 2861 737 2906 zuI,
755 2865 787 2906 1,
803 2865 834 2897 9.

130 2911 162 2944 5.
185 2910 351 2953 sufficere
371 2919 491 2944 omnes
511 2908 648 2955 officio]
677 2909 751 2944 alle
772 2909 836 2944 Se-

961 1620 993 1651 6.
1021 1617 1272 1662 quorundam]
1301 1616 1351 1650 Er
1377 1615 1465 1650 zielt
1491 1615 1559 1650 auf
1580 1614 1671 1649 Hel-

911 1663 1035 1699 vidius
1062 1663 1214 1699 Priscus
1243 1666 1300 1699 ab.

961 1713 1109 1748 animus
1131 1712 1344 1758 suspensus]
1376 1711 1452 1746 ‘die
1478 1712 1576 1746 noch
1604 1723 1671 1745 un-

913 1760 1178 1795 entschiedene
1190 1758 1669 1804 Stimmung,Gesinnung⁷.

962 1812 994 1843 9.
1023 1809 1186 1843 civitatis
1206 1807 1379 1853 formam]
1408 1806 1565 1841 WVelche
1581 1807 1670 1841 Ver-

912 1855 1071 1901 fassung
1097 1856 1147 1890 ist
1174 1856 1367 1900 gemeint?

960 1904 1154 1949 ulteriora]
1201 1903 1283 1938 ‘das
1322 1902 1451 1937 frfiher
1491 1902 1670 1947 Dagewe-

912 1951 1014 1986 sene'
1046 1951 1079 1987 d.
1108 1952 1130 1986 i.
1160 1950 1220 1986 die
1249 1951 1324 1986 alte
1352 1949 1555 1995 Republik.

961 2003 1016 2034 10.
1044 2000 1146 2044 sequi
1173 1998 1271 2034 ‘sich
1297 2010 1346 2034 an
1366 2001 1483 2033 etwas
1510 1998 1667 2033 halten'.

959 2048 1054 2092 roto]
1089 2058 1198 2082 unser
1227 2046 1315 2082 ‘von
1342 2045 1516 2088 Herzen’;
1548 2049 1670 2081 votum

915 2094 1261 2140 ‘Segenswunsch’,
1295 2094 1364 2129 wie
1399 2105 1427 2129 c.
1457 2097 1501 2129 7ss
1535 2094 1670 2139 Belyas

911 2153 1029 2178 secum
1056 2145 1185 2188 palam
1212 2146 1279 2178 aut
1309 2146 1390 2177 voto
1415 2146 1529 2185 stare,
1564 2142 1597 2186 I,
1625 2145 1669 2176 90

911 2192 1046 2226 studiis
1073 2193 1234 2236 votisque
1260 2190 1462 2225 certabant.

961 2243 1016 2273 12.
1053 2239 1257 2284 adflictum]
1291 2238 1502 2283 ‘gestfirzt'.

958 2288 1080 2334 imcaeyo
1119 2284 1416 2329 εΒρ11ειόἐ6111611ᾱ,
1456 2285 1669 2329 Kom'odie',

910 2335 980 2370 wie
1010 2337 1051 2372 A.
1079 2335 1142 2375 ΠΙ,
1171 2339 1227 2370 17.

958 2383 1145 2429 inlusisse]
1182 2383 1282 2417 Nero
1316 2381 1412 2417 habe
1446 2381 1519 2416 den
1553 2381 1668 2416 Senat

910 2443 993 2466 zum
1019 2432 1151 2466 besten
1178 2430 1330 2476 gehabt.

960 2483 1015 2514 13.
1050 2480 1188 2515 aremius
1228 2477 1416 2513 aktivisch
1460 2476 1668 2522 ‘beangsti-

911 2527 1022 2573 gend,
1049 2526 1246 2572 peinlich’.

957 2575 1059 2620 aliis]
1088 2576 1137 2609 Er
1158 2588 1199 2620 sp
1202 2574 1271 2608 ielt
1297 2574 1364 2608 auf
1387 2571 1586 2608 Helvidius
1606 2584 1665 2615 an,

912 2622 978 2658 der
986 2625 1095 2658 unter
1103 2623 1202 2658 Nero
1218 2622 1404 2657 verbannt
1416 2621 1570 2656 worden
1578 2631 1665 2655 war.

960 2674 1016 2706 15.
1031 2672 1141 2706 simul
1153 2670 1287 2706 servier
1289 2670 1333 2716 it]
1350 2668 1552 2703 Marcellus
1567 2667 1667 2702 zieht

911 2717 984 2753 den
999 2718 1115 2754 Senat
1128 2718 1166 2753 in
1182 2716 1282 2753 seine
1299 2717 1418 2752 Sache
1435 2716 1506 2751 mit
1526 2715 1666 2750 hinein.

958 2767 1125 2812 suadere]
1166 2766 1237 2800 Ein
1269 2765 1465 2800 boshafter
1495 2763 1570 2798 Rat
1607 2763 1667 2796 fiir

911 2814 983 2848 den
1005 2814 1269 2849 Widersacher
1288 2813 1366 2847 und
1389 2811 1562 2857 zugleich
1582 2808 1665 2845 eine

910 2861 1187 2897 Denunziation
1226 2873 1273 2896 an
1309 2860 1368 2896 die
1400 2859 1561 2894 Adresse
1600 2857 1665 2893 des

911 2908 1074 2945 Kaisers.

1327 2968 1376 3003 7*
