1859 3182
185 132 273 175 220

717 128 880 166 TACITI
906 127 1241 165 HISTORIARUM

185 243 246 282 vel
290 243 404 281 sessis
449 241 549 281 bello
593 243 701 293 pacis
747 253 873 294 amor,
923 241 1176 292 praemiaque
1222 246 1262 280 et
1303 241 1414 292 quies
1460 241 1501 279 in
1545 246 1752 292 posterum

186 301 459 353 sperabantur.

115 360 167 401 17

302 360 382 400 Nec
433 359 566 399 Civilis
611 359 793 398 silentem
843 360 988 398 struxit
1031 360 1176 407 aciem,
1226 358 1357 397 locum
1406 370 1561 409 pugnae
1605 363 1748 398 testem

184 421 344 459 virtutis
377 421 502 459 ciens:
547 424 650 458 stare
691 419 907 457 Germanos
946 417 1190 470 Batavosque
1228 429 1349 469 super
1388 419 1551 469 vestigia
1588 417 1750 471 gloriae,

185 481 340 519 cineres
379 491 546 530 ossaque
587 478 788 529 legionum
826 477 1032 517 calcantes.
1091 489 1342 529 quocumque
1375 476 1512 516 oculos
1550 476 1754 516 Romanus

183 539 428 590 intenderet,
473 539 738 589 captivitatem
778 536 1008 589 clademque
1050 542 1089 576 et
1127 537 1213 576 dira
1251 537 1381 575 omnia
1426 535 1639 576 obversari.
1702 549 1752 576 ne

147 608 163 633 5
185 604 433 637 terrerentur
478 598 584 636 vario
630 597 831 636 Treverici
881 596 1023 647 proelii
1067 602 1227 635 eventu:
1278 607 1389 635 suam
1426 595 1506 635 illic
1546 597 1752 635 victoriam

184 657 390 696 Germanis
436 657 656 709 obstitisse,
697 656 790 695 dum
835 657 991 695 omissis
1028 656 1117 695 telis
1156 655 1301 707 praeda
1338 667 1478 694 manus
1517 655 1752 708 impediunt,

184 717 253 756 sed
281 722 423 756 cuncta
449 729 539 755 mox
565 728 755 767 prospera
784 721 821 754 et
846 715 950 754 hosti
978 716 1176 755 contraria
1197 716 1387 754 evenisse.
1432 727 1531 766 quae
1550 715 1752 766 provideri

183 782 271 815 astu
299 777 411 815 ducis
439 777 678 828 oportuerit,
713 775 952 827 providisse,
985 787 1143 826 campos
1176 774 1382 813 madentes
1409 778 1446 813 et
1472 775 1570 825 ipsis
1596 786 1753 826 gnaros,

186 835 350 887 paludes
383 835 563 874 hostibus
597 836 744 873 noxias.
795 834 977 873 Rhenum
1010 840 1048 873 et
1081 834 1312 873 Germaniae
1346 833 1440 872 deos
1471 834 1512 872 in
1543 833 1755 885 adspectu3

134 906 168 931 10
188 908 357 947 quorum
396 896 557 934 numine
597 899 853 945 capesserent
890 906 1062 945 pugnam
1106 895 1317 945 coniugum
1356 897 1565 944 parentum
1603 894 1753 944 patriae

182 966 396 993 memores:
435 953 546 992 illum
585 954 689 992 diem
728 959 795 992 aut
834 953 1164 1004 gloriosissimum
1204 955 1309 992 inter
1346 953 1515 991 maiores
1547 957 1615 991 aut
1645 953 1754 1003 igno-

182 1015 395 1052 miniosum
428 1013 530 1064 apud
563 1018 746 1064 posteros
779 1013 874 1052 sore.
927 1012 996 1052 ubi
1028 1024 1123 1051 sono
1158 1025 1360 1052 armorum
1388 1011 1653 1063 tripudiisque
1682 1007 1755 1063 (ita

182 1073 259 1112 illis
287 1070 389 1125 mos)
419 1072 633 1123 adprobata
661 1078 754 1111 sunt
786 1072 909 1125 dicta,
946 1073 1049 1111 saxis
1075 1071 1363 1123 glandibusque
1391 1076 1430 1110 et
1456 1072 1601 1110 ceteris
1626 1072 1755 1109 missi-

181 1132 286 1171 libus
318 1131 514 1183 proelium
548 1133 758 1183 incipitur,
797 1144 926 1183 neque
965 1136 1102 1170 nostro
1135 1131 1257 1170 milite
1289 1130 1474 1182 paludem
1507 1130 1757 1180 ingrediente

128 1202 162 1227 15
183 1198 222 1231 et
255 1192 477 1243 Germanis,
510 1197 554 1230 ut
587 1191 795 1241 elicerent,
828 1189 1130 1229 lacessentibus.

112 1250 165 1292 18

228 1401 291 1437 17.
327 1404 358 1435 1.
390 1399 567 1445 silentem]
604 1400 674 1434 mit
710 1398 836 1444 Bezug
868 1399 935 1434 auf

182 1460 211 1483 c.
241 1452 301 1493 16,
330 1452 373 1483 17
407 1448 567 1483 alacrior
593 1447 753 1483 omnium
785 1448 930 1482 clamor.

181 1496 301 1531 Silens
328 1495 426 1530 acies
453 1496 520 1538 est,
545 1494 585 1528 in
609 1505 683 1539 qua
703 1494 835 1529 siletur
855 1493 930 1529 sive

181 1554 203 1577 a
241 1544 333 1578 duce
372 1542 448 1577 sive
487 1554 509 1577 a.
546 1541 729 1576 militibus
767 1541 844 1575 sive
883 1540 929 1575 ab

179 1590 358 1635 utrisque.
398 1588 557 1633 (Ritter.)
596 1589 680 1633 Vgl.
708 1588 743 1622 Z.
772 1592 815 1622 12
843 1598 931 1623 sono

183 1648 367 1673 armorum
401 1637 646 1681 tripudiisque
680 1664 687 1671 .
718 1663 725 1670 .
754 1664 761 1671 .
797 1636 930 1679 adpro-

182 1687 269 1721 bata
293 1688 379 1720 sunt
405 1685 514 1720 dicta.
561 1684 608 1719 So
628 1685 696 1728 gut
715 1683 784 1717 wie
804 1682 866 1727 IV,
884 1687 928 1717 62

180 1734 290 1768 silens
321 1743 449 1777 aymen
480 1732 618 1766 konnte
650 1730 735 1765 Tae.
768 1730 850 1765 hier
880 1732 928 1765 si-

181 1782 306 1816 lentem
335 1780 447 1814 aciem
472 1790 596 1823 Sagen.
644 1779 715 1812 Zur
727 1777 928 1822 Wendung

181 1829 292 1863 aciem
311 1830 448 1862 struere
466 1826 542 1871 vgl.
558 1837 587 1860 0.
606 1829 659 1869 11,
674 1829 706 1859 2.
723 1824 784 1869 IV,
800 1829 858 1867 24,
872 1829 925 1861 10.

179 1877 222 1910 A.
250 1875 311 1919 XI,
338 1879 392 1909 24.
420 1874 529 1919 Verg.
556 1874 646 1908 Aen.
673 1872 735 1916 IX,
761 1877 818 1908 42.
846 1871 925 1908 Liv.

180 1923 291 1967 XLII,
307 1926 364 1965 51,
378 1927 398 1957 3
414 1934 447 1956 u.
464 1926 495 1957 ὂ.
528 1920 707 1966 Dagegen
732 1920 926 1955 schreiben

181 1969 293 2005 Halm
316 1970 392 2004 und
419 1969 634 2014 Nipperdey
653 1968 749 2003 nach
768 1967 930 2003 Pichena

182 2019 291 2053 silens
316 2018 506 2058 instruxit,
526 2016 655 2051 womit
675 2014 735 2049 die
755 2015 928 2050 ahnliche

182 2065 299 2100 Stelle
342 2064 384 2099 A.
422 2064 518 2107 XIV,
557 2068 602 2098 36
646 2074 690 2098 ne
732 2063 930 2098 Suetonius

180 2113 324 2158 quidem
354 2113 396 2147 in
426 2115 529 2147 tanto
560 2111 770 2146 discrimine
800 2111 929 2145 silebat

184 2173 229 2195 zu
254 2160 330 2205 vgl.
358 2160 418 2194 ist.

229 2212 262 2243 2.
288 2208 399 2253 ciens]
430 2206 671 2248 ‘aufrufend’3
705 2218 731 2241 s.
758 2205 800 2240 A.
828 2205 856 2249 Ι,
882 2208 925 2239 21

182 2256 273 2291 ciere
291 2255 395 2290 modo
408 2255 558 2289 nomina
572 2254 812 2298 stimulorum,
825 2254 930 2288 modo

181 2304 384 2339 centuriam
418 2303 584 2346 quisque,
623 2301 727 2335 cuius
758 2301 927 2344 manipu-

183 2351 274 2385 laris
299 2353 386 2385 erat.
437 2349 522 2393 Vgl.
549 2361 593 2383 zu
619 2348 689 2392 ΙΙΙ,
719 2351 773 2392 10,
800 2351 856 2382 21.

230 2409 337 2442 super
368 2397 521 2441 vestiyia
555 2397 693 2441 yloriae
728 2394 809 2430 ‘auf
845 2395 930 2430 dem

184 2445 296 2480 Felde
323 2443 423 2479 ihtes
449 2444 643 2478 Ruhmes’.

232 2497 264 2528 3.
285 2493 420 2527 eineres
445 2490 609 2536 ossaque]
639 2502 665 2525 s.
680 2490 748 2536 IV,
769 2493 814 2524 60
834 2500 865 2524 a.
887 2490 928 2524 E.

232 2544 264 2574 4.
299 2540 384 2574 dira
416 2539 540 2573 omnia
574 2537 711 2572 ‘lauter
737 2536 934 2579 Grausen’3

185 2587 260 2632 vgl.
287 2599 332 2621 zu
358 2586 402 2631 ΙΙ,
430 2590 485 2629 74,
512 2590 532 2620 3
560 2585 635 2620 und
660 2585 723 2628 IV,
751 2589 809 2627 49,
839 2588 890 2619 17.

233 2638 265 2671 5.
280 2635 385 2669 vario
400 2633 541 2679 eventu]
564 2633 634 2667 mit
648 2632 934 2675 wechseIudem,

184 2681 421 2764 &Pthii
467 2678 936 2773 {ttssuf‘sslmavgtzatssla

322 2757 330 2773 2

180 2778 307 2822 priore
330 2776 474 2811 Punico
497 2776 586 2811 bello
611 2776 736 2818 fuerit,
759 2775 934 2819 plerique,

186 2825 250 2869 qui
283 2824 561 2866 meminerimus,
595 2833 849 2866 supersumus,·
888 2822 933 2856 H.

186 2871 249 2915 ΙΙΙ,
277 2874 333 2916 45,
363 2875 404 2906 13
432 2872 548 2906 variis
570 2871 731 2915 proeliis,

239 2920 419 2955 Treverici
439 2918 590 2964 proelii]
618 2929 644 2953 s.
672 2917 734 2962 IV,
763 2921 805 2952 77
832 2916 883 2961 fg.

301 1250 544 1302 Absumptis,
589 1262 688 1301 quae
728 1251 944 1302 iaciuntur,
990 1254 1030 1288 et
1061 1249 1293 1288 ardescente
1337 1260 1469 1300 pugna
1513 1260 1752 1300 procursum

1053 1403 1084 1434 6.
1112 1398 1214 1444 dum]
1247 1397 1316 1433 mit
1349 1397 1435 1432 dem
1466 1397 1546 1433 Ind.
1572 1398 1631 1432 Pr.
1659 1398 1756 1433 auch

1004 1446 1040 1480 in
1059 1445 1119 1481 Or.
1134 1445 1226 1489 obl.;
1242 1457 1268 1480 s.
1285 1457 1329 1480 zu
1343 1444 1406 1487 ΙΙΙ,
1423 1448 1479 1489 38,
1495 1448 1550 1481 20.
1577 1445 1757 1489 Heraeus,

1004 1493 1070 1528 lat.
1099 1492 1267 1538 Schulgr.
1296 1496 1315 1535 ξ
1343 1496 1424 1536 208,
1452 1496 1472 1526 3
1500 1495 1606 1527 Anm.
1637 1497 1666 1528 1.

1051 1547 1210 1581 omittere
1253 1547 1325 1581 tela
1365 1545 1453 1580 ‘den
1493 1545 1636 1591 Kampf
1677 1545 1758 1581 auf-

1004 1593 1143 1638 geben,
1171 1592 1395 1628 einstellen’.

1052 1656 1084 1687 7.
1105 1653 1294 1687 contraria
1315 1652 1410 1686 ‘zum
1431 1650 1658 1687 Nachteile’.
1681 1651 1757 1686 Zur

1003 1699 1121 1734 Sache
1147 1699 1220 1745 vgl.
1248 1699 1310 1743 IV,
1338 1703 1381 1735 79
1409 1710 1441 1734 a.
1469 1699 1510 1736 E.
1536 1699 1581 1742 V,
1609 1703 1664 1735 15.

1049 1765 1139 1797 quae
1188 1753 1379 1798 provideri
1434 1752 1520 1798 eta]
1583 1751 1667 1797 Vgl.
1695 1753 1759 1788 die

1001 1800 1299 1836 sinnverwandte
1327 1799 1443 1835 Stelle
1471 1798 1532 1834 bei
1560 1799 1651 1835 Sall.
1675 1799 1756 1846 Ing.

1000 1851 1064 1892 49,
1091 1851 1111 1882 2
1145 1859 1236 1892 quae
1269 1848 1314 1883 ab
1348 1848 1569 1892 imperatore
1598 1848 1760 1883 decuerit

999 1895 1228 1944 (provideri),
1254 1895 1378 1930 omnia
1410 1894 1487 1930 suis
1506 1895 1659 1939 provisa
1684 1896 1755 1930 etc.

1051 1952 1083 1984 8.
1099 1959 1239 1994 ynarus
1257 1948 1349 1990 hier,
1366 1947 1435 1983 wie
1458 1947 1573 1983 ofters
1592 1947 1655 1983 bei
1669 1948 1758 1985 Tac.

1002 1997 1078 2031 und
1115 2008 1185 2031 nur
1222 1996 1283 2030 bei
1321 1996 1420 2039 ihm,
1459 1994 1686 2040 passiviseh3
1728 2008 1759 2032 s.

1002 2043 1217 2089 Nipperdey
1243 2056 1288 2078 zu
1312 2042 1356 2079 A.
1381 2042 1456 2085 XI,
1486 2046 1544 2078 32.

1052 2101 1105 2132 10.
1137 2108 1272 2132 numen
1308 2097 1348 2132 in
1391 2096 1457 2131 der
1489 2095 1757 2132 Grundbedeu-

1001 2147 1095 2190 tung
1123 2144 1344 2190 ‘gottliches
1372 2143 1555 2187 Walten',
1581 2143 1616 2179 d.
1642 2144 1666 2179 i.
1693 2144 1759 2179 der

1002 2192 1121 2228 Sache
1145 2193 1243 2227 nach
1265 2191 1577 2236 ‘Begiinstigung,
1605 2190 1755 2237 Segen⁷.

1052 2249 1104 2279 11.
1137 2246 1234 2280 inter
1264 2244 1433 2290 maiores]
1476 2243 1546 2279 mit
1581 2244 1758 2279 unklarer

1002 2293 1120 2327 Kiirze
1164 2293 1299 2337 gesage
1338 2292 1399 2326 fiir
1441 2291 1538 2326 inter
1580 2292 1757 2337 9loriosos

1002 2341 1182 2375 maiorum
1221 2340 1308 2375 dies.
1360 2338 1444 2383 Vgl.
1477 2351 1521 2373 zu
1551 2337 1602 2383 II,
1634 2342 1696 2382 87,
1723 2342 1756 2374 5.

1002 2388 1178 2433 Draeger,
1202 2386 1305 2432 synt.
1328 2390 1347 2429 ἓ
1369 2390 1449 2421 238.
1475 2386 1578 2421 Ι)0011
1597 2386 1648 2421 ist
1665 2386 1757 2421 viel-

1002 2435 1117 2470 Ieicht
1142 2436 1238 2470 inter
1263 2435 1443 2470 maiorum
1479 2445 1523 2467 zu
1548 2433 1661 2469 lesen.

1052 2493 1105 2523 12.
1140 2490 1194 2524 ita
1230 2489 1306 2523 illis
1343 2487 1433 2533 mos]
1474 2497 1522 2522 se.
1557 2489 1623 2522 est.
1686 2487 1761 2522 Zur

1010 2536 1128 2571 Sache
1157 2535 1199 2572 G.
1227 2539 1270 2570 11
1295 2536 1329 2570 si
1353 2534 1543 2579 displicuit
1567 2535 1759 2577 sententia,

1007 2584 1156 2626 fremitu
1194 2586 1440 2628 aspernantur
1448 2595 1461 2624 ,·
1503 2582 1563 2617 sin
1597 2582 1758 2626 placuit,

1007 2632 1166 2674 frameas
1189 2631 1411 2666 concutiunt.
1437 2629 1757 2665 honoratissimum

1008 2680 1182 2713 adsensus
1212 2689 1326 2724 yenus
1356 2680 1408 2713 est
1444 2677 1558 2711 armis
1590 2677 1756 2712 laudare.

1010 2726 1058 2760 So
1096 2726 1192 2761 auch
1237 2725 1298 2761 bei
1340 2725 1411 2759 den
1449 2722 1615 2759 Galliern
1658 2724 1756 2759 nach

1009 2773 1110 2808 Caes,
1137 2774 1170 2808 b.
1200 2772 1241 2808 G.
1268 2772 1356 2817 VH,
1384 2775 1427 2806 21
1455 2772 1656 2807 conclamat
1681 2782 1756 2806 om-

1006 2821 1065 2855 nis
1102 2822 1298 2856 multitudo
1335 2822 1370 2855 et
1405 2829 1470 2854 suo
1507 2829 1604 2854 more
1641 2819 1754 2854 armis

963 2881 967 2882 ⁷
1007 2872 1209 2912 concrepat,
1234 2868 1330 2913 quod
1353 2868 1471 2910 faeere
1489 2867 1531 2901 in
1549 2876 1588 2901 eo
1607 2876 1752 2901 consue-

1008 2919 1107 2958 runt,
1134 2916 1238 2951 euius
1263 2916 1461 2951 orationem
1486 2913 1704 2959 adprobant.
1772 2930 1775 2931 ⁷
