1875 3214
564 91 711 126 LIBER
736 91 799 128 111.
851 91 954 128 CAP.
984 96 1135 128 53—55.
1588 93 1646 134 53

67 205 171 258 apud
203 206 333 256 ipsum
375 204 422 242 de
460 202 564 242 bello
605 202 827 242 silentium:
866 203 1058 254 prohibiti
1091 216 1163 254 per
1196 205 1398 243 civitatem
1432 216 1650 256 sermones,
1672 214 1688 240 5

67 277 194 316 eoque
226 264 364 316 plures
397 275 458 315 ac,
491 264 525 302 si
557 262 716 314 liceret,
749 274 841 301 vere
874 265 1093 314 narraturi,
1129 265 1221 315 quia
1254 263 1508 316 vetabantur,
1548 269 1651 303 atro-

65 326 173 364 ciora
213 323 478 374 vulgaverant.

541 334 616 361 nec
661 321 785 361 duces
835 321 1012 361 hostium
1063 323 1265 374 augendae
1316 323 1441 362 famae
1488 323 1654 363 deerant

65 389 201 435 captos
247 382 393 421 Vitellii
438 381 710 433 exploratores
756 382 1156 435 circumductosque,
1208 390 1253 422 ut
1298 383 1443 422 robora
1488 384 1651 422 victoris

64 444 265 482 exercitus
297 447 529 493 noscerent,
562 441 820 493 remittend03
863 454 963 492 quos
997 443 1125 481 omnis
1152 442 1332 482 Vitellius
1367 448 1522 482 secreto
1561 455 1650 494 per—

64 507 247 542 contatus
280 501 453 540 interfici
490 502 618 539 iussit.

681 500 847 539 notabili
887 503 1110 540 constantia
1150 504 1332 541 centurio
1372 502 1496 541 Iulius
1529 503 1648 554 Agre·
1672 513 1706 538 10

65 563 137 601 stis
170 566 261 613 post
298 560 445 600 multos
485 572 709 612 sermones,
753 559 898 611 quibus
938 560 1139 600 Vitellium
1179 561 1226 600 ad
1273 563 1462 600 virtutem
1502 562 1651 601 frustra

63 620 325 672 accendebat,
351 619 539 672 perpulit,
571 625 616 659 ut
645 619 692 659 ad
720 621 825 658 vires
853 619 1030 659 hostium
1057 621 1311 674 spectandas,
1340 634 1521 673 quaeque
1545 622 1648 673 apud

67 680 306 720 Cremonam
338 685 424 718 acta
456 679 606 731 forent,
643 681 730 731 ipse
769 681 1010 719 mitteretur.

1074 693 1148 719 nec
1189 680 1461 732 exploratione
1496 681 1652 720 occulta

63 739 198 779 fallere
232 740 448 778 Antonium
482 740 708 791 temptavit,
741 739 811 778 sed
845 740 1028 778 mandata
1054 741 1307 791 imperatoris
1339 753 1537 792 suumque
1571 742 1651 779 ani·

63 811 173 839 mum
191 799 410 851 professus,
437 804 482 838 ut
501 804 645 838 cuncta
667 800 824 850 viseret,
846 799 1032 850 postulat.
1083 801 1214 852 missi,
1243 801 1311 852 qui
1337 799 1469 839 locum
1493 800 1648 853 proelii,
1671 810 1705 837 15

64 858 281 898 Crem'onae
313 859 496 910 vestigia,
532 864 666 910 captas
699 858 874 910 legiones
914 859 1182 899 ostenderent.
1235 860 1413 911 Agrestis
1447 860 1494 898 ad
1529 859 1650 899 Vitel-

65 918 162 958 lium
197 919 390 957 remeavit
429 918 701 970 abnuentique
739 931 832 957 vera
873 931 978 971 esse,
1017 931 1118 970 quae
1158 919 1351 971 adferret,
1391 925 1510 970 atque
1542 919 1649 959 ultro

61 983 298 1029 corruptum
349 979 550 1029 arguenti:
596 975 965 1030 ‘quandoquidem',
1010 980 1154 1031 inquit,

1202 976 1360 1030 ‘magno
1408 979 1648 1018 documento

62 1050 162 1089 opus
196 1043 256 1076 est
287 1049 361 1076 neo
395 1037 494 1076 alius
526 1039 604 1076 iam
638 1037 712 1076 tibi
744 1045 812 1077 aut
845 1039 947 1076 vitae
981 1045 1049 1077 aut
1080 1040 1222 1077 mortis
1253 1051 1363 1077 meae
1391 1051 1501 1091 usus,
1534 1039 1647 1092 dabo,

60 1098 128 1137 cui
160 1093 328 1136 credas'.
374 1102 492 1148 atque
512 1099 567 1136 ita
590 1097 796 1148 digressus
817 1097 1039 1137 voluntaria
1060 1104 1187 1137 morte
1217 1098 1321 1137 dicta
1348 1099 1530 1138 firmavit.
1558 1100 1643 1150 qui·
1669 1110 1703 1135 20

65 1156 154 1196 dam
180 1158 294 1195 iussu
314 1156 445 1195 Vitelli
472 1157 742 1209 interfectum,
770 1157 818 1196 de
851 1157 928 1196 fide
949 1160 1253 1210 constantiaque
1274 1158 1413 1197 eadem
1433 1158 1646 1198 tradidere.

62 1287 152 1315 rum
185 1288 275 1314 cum
309 1275 628 1327 quattuordecim
660 1278 872 1327 praetoriis
906 1277 1140 1316 cohortibus
1174 1283 1213 1316 et
1247 1278 1431 1317 omnibus
1466 1279 1647 1330 equitum

62 1366 256 1412 (Verania)
290 1377 374 1402 mox
407 1367 647 1412 ingyravescit,
686 1369 821 1403 clamat

60 1415 233 1458 moriens3
262 1414 336 1450 Cic.
357 1415 404 1450 ad
425 1416 503 1449 Att.
525 1415 569 1459 X,
590 1419 613 1449 4
640 1416 731 1450 alter
758 1427 819 1450 ar-

895 1369 1025 1403 Zuerst
1052 1380 1090 1404 so
1118 1369 1181 1404 bei
1206 1369 1285 1405 Liv.
1314 1369 1341 1413 I,
1363 1372 1419 1412 45,
1442 1373 1461 1403 2
1483 1370 1653 1414 perpulit

893 1417 1056 1459 tandem,
1091 1420 1132 1451 ut
1165 1416 1305 1452 Romae
1337 1418 1470 1460 fanum
1501 1417 1652 1452 Dianae

61 1463 120 1497 det
162 1463 290 1506 furore
327 1465 360 1497 et
402 1463 528 1498 scelere
565 1474 630 1498 nec
668 1464 820 1498 remittit
888 1464 1023 1509 populi
1049 1464 1183 1499 Latini
1209 1475 1289 1500 cum
1313 1465 1454 1510 populo
1481 1464 1651 1500 Romano

60 1510 226 1555 aliquid,
269 1510 331 1545 sed
375 1511 418 1545 in
455 1511 530 1545 dics
574 1511 818 1556 ingravescit3

63 1556 142 1593 Cat.
181 1556 231 1593 M.
273 1561 316 1592 11
359 1569 514 1602 corpora
552 1559 818 1604 defatigatione

59 1606 330 1651 inqraveseunt.

112 1656 145 1688 5.
178 1654 281 1698 apud
312 1654 451 1700 ipsum]
481 1671 525 1683 =
553 1665 675 1689 coram
702 1655 791 1699 ipso.

110 1704 142 1737 6.
169 1701 382 1747 narraturi]
422 1702 483 1736 fiir
520 1703 584 1747 qui
621 1702 819 1737 narraturi

61 1752 167 1784 erant
181 1749 320 1794 (Madv.
336 1752 356 1791 ξ
371 1752 453 1794 348,
468 1750 516 1794 a),
537 1750 587 1784 ist
607 1750 676 1784 mit
693 1751 819 1795 plures

61 1795 304 1832 koordiniert.
355 1795 443 1842 Vgl.
470 1796 522 1841 ΙΙ,
550 1801 607 1840 97,
636 1800 666 1832 7.
719 1796 818 1832 Uber

61 1844 164 1879 diese
195 1844 460 1890 Verwendung
502 1845 568 1880 des
599 1844 700 1880 Part.
733 1845 817 1879 Fut.

61 1892 145 1926 Act.
182 1893 276 1927 stati:
314 1891 378 1926 des
416 1892 557 1937 griech.
596 1891 695 1927 Part.
729 1894 817 1927 Aor.

63 1938 135 1973 mit
173 1936 222 1974 ἄν
261 1951 288 1974 s.
326 1939 583 1984 N'ai-gelsbach,
631 1939 696 1974 lat.
739 1939 818 1974 Stil.

64 1989 84 2029 ξ
113 1990 194 2028 115,
220 1997 252 2021 a.

110 2034 346 2080 vetabantur]
374 2045 422 2069 sc.
449 2045 612 2070 narrare.

110 2082 311 2128 atrociora]
343 2081 620 2127 ‘schlimmere,
647 2082 817 2118 schreck-

62 2128 204 2165 lichere
230 2128 517 2164 Nachrichten’.

112 2180 144 2212 ’7.
177 2178 366 2222 augendae
396 2178 519 2220 famae
547 2177 712 2224 deerant]
746 2177 817 2213 wie

60 2225 106 2261 A.
126 2224 154 2270 I,
176 2229 194 2259 1
223 2225 444 2270 temporibus
463 2226 627 2271 Auyusti
652 2226 818 2261 dicendis

61 2283 137 2307 non
175 2273 322 2317 defuere
360 2274 491 2309 deeora
529 2275 698 2318 ingenia,-
737 2273 815 2308 Liv.

62 2319 194 2364 XXIV,
221 2324 278 2365 29,
308 2325 339 2355 6.
365 2321 544 2366 Draeger,
565 2321 666 2366 Synt.
695 2325 715 2364 ξ
736 2325 819 2357 206.

113 2371 167 2403 10.
193 2368 369 2413 notabili]
398 2380 425 2403 s.
453 2381 498 2403 zu
525 2380 554 2403 c.
582 2372 639 2413 25,
667 2372 698 2404 8.

114 2418 170 2451 11.
202 2416 320 2451 virtus
350 2415 432 2450 hier
468 2416 817 2462 ‘Mannhaftigkeit‚

63 2463 305 2498 mannhaftes
329 2463 534 2499 Handeln’.

114 2514 168 2546 12.
196 2511 379 2557 perpulit]
415 2512 584 2554 absolut,
616 2511 687 2546 wie
714 2512 748 2555 I⁷
777 2515 821 2547 66

62 2557 119 2593 his
149 2561 182 2593 et
207 2559 384 2602 pluribus
421 2560 464 2594 in
495 2560 645 2594 eundem
677 2560 822 2595 modum

60 2607 318 2650 perpulerant,
355 2610 398 2642 ut
442 2608 531 2650 etc.;
569 2607 620 2650 ΙΙ,
654 2611 698 2642 33
731 2608 822 2642 dete-

64 2652 177 2688 rioris
211 2654 360 2689 consilii
394 2656 606 2699 perpulere,
641 2659 683 2689 ut
714 2656 824 2699 prior

65 2699 171 2735 illum
196 2702 422 2744 concederet3
449 2702 512 2746 IV,
537 2707 580 2736 14
607 2704 824 2747 compositae

66 2748 258 2783 seditionis
285 2753 451 2784 auctores
475 2751 675 2794 perpulere,
701 2754 742 2785 ut
767 2751 822 2786 di-

67 2794 198 2830 lectum
218 2797 435 2840 abnuerent3
457 2797 527 2831 mit
541 2797 625 2831 dem
639 2797 822 2833 Neutrum

70 2840 135 2877 des
155 2843 265 2878 Pron.
286 2843 332 2886 II,
355 2847 398 2878 62
416 2845 559 2888 prioris
578 2846 618 2879 id
632 2846 823 2890 principes

61 2890 225 2934 pecunia
256 2894 288 2926 et
321 2892 468 2936 saepius
499 2893 536 2927 vi
567 2894 820 2937 perpulerant.

893 1513 1066 1555 facerent.

944 1563 998 1594 14.
1031 1560 1160 1603 fallere
1194 1560 1436 1595 ‘unbemerkt
1469 1559 1650 1603 bleiben'3

894 1619 921 1642 s.
943 1618 986 1641 zu
1006 1607 1051 1650 II,
1075 1611 1131 1652 98,
1148 1611 1180 1642 6.
1208 1606 1283 1642 Der
1303 1607 1371 1643 Inf.
1393 1608 1456 1643 bei
1476 1611 1651 1653 temptare

892 1655 963 1690 wie
990 1665 1018 1688 c.
1047 1658 1111 1699 82,
1141 1660 1158 1689 1
1194 1666 1260 1689 aus
1289 1653 1437 1691 Ciceros
1470 1656 1550 1691 Zeit
1581 1668 1652 1690 nur

891 1703 954 1738 bei
978 1701 1104 1747 Nepos
1124 1703 1201 1737 und
1228 1702 1384 1747 Hirtius,
1413 1705 1517 1739 sonst
1537 1703 1649 1738 nach-

892 1750 1087 1785 klassisch.
1123 1751 1175 1785 Zu
1200 1751 1380 1796 Draeger‚
1407 1751 1512 1795 Synt.
1534 1755 1553 1794 ξ
1571 1754 1649 1786 145.

942 1802 996 1833 15.
1036 1801 1078 1832 ut
1116 1802 1250 1833 cuncta
1290 1799 1430 1844 viseret]
1475 1799 1508 1834 d.
1543 1798 1566 1834 i.
1609 1801 1652 1834 ut

894 1847 1029 1880 cuncta
1054 1846 1174 1881 visere
1211 1845 1283 1880 sibi
1316 1845 1458 1881 liceret.
1511 1845 1586 1881 Cic.
1613 1858 1649 1891 p.

893 1892 987 1927 Sest.
1022 1896 1041 1934 ξ
1069 1897 1113 1928 69
1147 1904 1227 1928 cum
1258 1894 1300 1927 in
1332 1897 1463 1928 senatu
1494 1894 1651 1938 privati,

891 1944 933 1975 ut
959 1941 1002 1975 de
1029 1951 1080 1975 me
1105 1941 1303 1976 sententias
1329 1942 1508 1984 dicerent,
1543 1942 1649 1987 flayi-

892 1988 1031 2023 tabant.

943 2039 997 2070 16.
1025 2035 1193 2081 vestiyia]
1231 2035 1307 2070 ‘die
1333 2035 1508 2079 Ruinen',
1544 2035 1648 2081 eigtl.

893 2082 954 2117 die
983 2082 1118 2127 St'atte,
1145 2094 1202 2118 wo
1233 2083 1416 2118 Cremona
1442 2085 1650 2129 gestanden

891 2131 1016 2173 hatte3
1047 2131 1121 2176 vgl.
1145 2142 1174 2166 e.
1198 2135 1241 2166 72
1262 2132 1375 2166 isdem
1394 2142 1526 2166 rursus
1544 2133 1650 2167 resti-

890 2180 962 2224 yiz‘s
993 2180 1105 2214 situm
1137 2182 1203 2221 θεέ,
1237 2178 1300 2222 IV,
1329 2183 1372 2214 53
1406 2182 1447 2214 ut
1478 2180 1650 2223 templum

890 2227 1004 2262 isdem
1029 2228 1191 2272 vestigiis
1217 2228 1421 2270 sisteretur3
1448 2228 1493 2262 A.
1520 2226 1576 2270 ΙΙ,
1604 2230 1649 2262 60

896 2274 1102 2310 Thebarum
1145 2275 1314 2320 malfam
1362 2273 1436 2309 Cic.
1478 2273 1557 2310 Cat.
1597 2274 1650 2310 IV

894 2326 913 2365 ἓ
943 2326 986 2357 12
1014 2324 1055 2357 in
1081 2323 1242 2367 vestiyiis
1266 2323 1377 2357 huius
1403 2323 1516 2358 urbis,

944 2374 998 2406 17.
1019 2370 1132 2415 ultro]
1159 2370 1408 2411 ‘obendrein⁷;
1431 2382 1456 2404 s.
1471 2381 1515 2404 zu
1530 2369 1556 2413 I,
1571 2374 1602 2413 7,
1615 2372 1649 2404 8.

945 2422 999 2453 18.
1033 2417 1344 2463 quandoquidem]
1378 2429 1448 2452 nur
1480 2416 1561 2453 hier
1588 2417 1649 2452 bei

895 2465 981 2501 Tac.

947 2517 1000 2548 19.
1028 2513 1133 2559 usus]
1161 2524 1210 2548 sc.
1238 2514 1302 2548 est.

944 2561 1055 2606 dabo]
1090 2572 1138 2595 sc.
1167 2559 1443 2596 documentum.

945 2613 1001 2644 20.
1018 2609 1074 2643 ita
1090 2607 1239 2643 ‘damit’
1250 2609 1385 2653 gehort
1397 2620 1440 2642 zu
1455 2609 1648 2653 diyressus.

897 2656 980 2691 Von
1007 2656 1129 2691 einem
1161 2656 1361 2691 ahnlichen
1393 2655 1648 2691 Selbstmorde

897 2706 1006 2738 unter
1028 2703 1126 2738 Otho
1148 2703 1341 2738 berichten
1361 2703 1462 2738 Suet.
1484 2703 1568 2738 Oth.
1593 2707 1647 2739 10.

898 2750 1045 2786 Cassius
1072 2750 1143 2784 Dio
1170 2750 1297 2794 LXIV,
1324 2755 1378 2785 11.

945 2799 1007 2833 55.
1044 2803 1072 2833 1.
1100 2797 1249 2832 Priscus
1275 2799 1351 2832 und
1379 2798 1498 2832 Varus
1524 2808 1649 2832 waren

895 2846 1078 2890 praefecti
1104 2845 1310 2890 praetori03
1337 2844 1412 2891 vgl.
1440 2844 1486 2891 II,
1508 2849 1552 2880 92
1579 2845 1650 2880 mit

896 2892 965 2937 ΙΙΙ,
993 2897 1048 2928 36.

1665 1217 1717 1228 udi-r

182 1215 364 1255 Vitellius
397 1221 441 1255 ut
473 1228 494 1255 e
528 1228 666 1255 somno
702 1218 856 1256 excitus
894 1216 1040 1256 Iulium
1073 1217 1257 1257 Priscum
1291 1224 1330 1256 et
1363 1218 1547 1257 Alfenum
1574 1218 1643 1257 Va-
1662 1227 1721 1260 OD
