1859 3182
187 118 270 158 118
713 114 876 150 TACITI
901 114 1240 150 HISTORIARUM

186 228 393 279 Belgarum
415 226 616 277 cohortes,
649 224 766 264 simul
793 237 1034 276 paganorum
1061 224 1309 274 lixarumque
1336 225 1474 275 ignava
1506 224 1574 262 sed
1606 235 1752 274 procax

192 293 279 325 ante
325 285 545 337 periculum
597 297 735 322 manus
781 283 962 322 omnibus
1007 285 1132 334 portis
1176 288 1458 334 prorumpunt,
1502 288 1547 321 ut
1590 282 1754 321 Batavos

147 355 180 381 10
199 357 364 384 numero
416 346 573 395 inpares
624 342 952 382 circumfundant.
1013 341 1069 380 illi
1113 347 1265 380 veteres
1309 340 1470 380 militiae
1514 342 1554 379 in
1605 353 1753 380 cuneos

187 409 495 455 congregantur,
542 402 654 440 densi
699 401 872 452 undique
914 407 953 439 et
990 402 1161 439 frontem
1208 406 1397 451 tergaque
1441 412 1484 438 ac
1523 399 1626 438 latus
1658 401 1751 452 tuti;

189 465 243 502 sic
277 469 436 501 tenuem
470 467 697 500 nostrorum
731 462 854 499 aciem
880 460 1142 511 perfringunt.
1188 458 1421 498 cedentibus
1441 458 1571 509 Belgis
1591 458 1752 509 pellitur

185 522 302 573 legio,
337 527 375 560 et
406 520 549 559 vallum
581 525 795 571 portasque
840 519 983 570 trepidi
1014 518 1212 569 petebant.
1275 517 1331 555 ibi
1368 517 1581 569 plurimum
1613 516 1751 556 cladis:

189 580 409 620 cumulatae
443 579 674 630 corporibus
708 578 852 630 fossae,
885 590 957 616 nec
989 577 1107 616 caede
1140 582 1294 616 tantum
1328 582 1367 615 et
1398 575 1647 627 vulneribus,
1686 575 1755 614 sed

139 650 173 675 15
192 641 306 678 ruina
350 645 389 678 et
434 640 515 677 suis
554 637 733 689 plerique
778 636 866 675 telis
905 637 1105 675 interiere.
1169 637 1340 674 victores
1378 635 1531 674 colonia
1575 635 1755 686 Agrippi-

189 700 371 738 nensium
405 699 521 736 vitata
548 696 646 735 nihil
678 702 811 735 cetero
845 697 883 734 in
921 697 1063 734 itinere
1097 694 1238 733 hostile
1273 695 1369 745 ausi,
1401 694 1610 732 Bonnense
1642 706 1755 744 proe-

189 758 284 797 lium
318 756 573 806 excusabant,
606 762 805 806 tamquam
837 756 959 805 petita
991 766 1104 805 pace,
1144 758 1353 804 postquam
1385 752 1620 804 negabatur,
1662 752 1753 791 sibi-

189 822 269 856 met
302 818 376 867 ipsi
410 814 713 854 consuluissent.

119 874 174 917 21
310 874 443 913 Civilis
494 873 663 912 adventu
708 878 981 911 161813113111111
1025 871 1249 909 coholtium
1294 871 1391 909 iusti
1434 871 1510 908 iam
1557 871 1755 908 exercitus

193 935 351 985 ductor,
386 933 453 971 sed
488 932 638 971 consilii
674 931 880 981 ambiguus
914 937 952 969 et
987 932 1061 968 vin]
1091 929 1305 968 Romanam
1336 934 1544 981 1¹,eputans
1576 934 1757 981 cunctos,

193 994 261 1044 qui
294 993 472 1042 aderant,
513 992 553 1029 in
587 990 705 1029 verba
737 990 965 1041 Vespasiani
1005 989 1126 1039 adigit
1164 990 1364 1039 mittitque
1398 987 1546 1038 legatos
1581 988 1627 1026 ad
1661 988 1758 1026 duas

189 1051 381 1103 legiones,
427 1062 525 1102 quae
565 1051 698 1101 priore
740 1051 822 1087 acie
863 1048 998 1099 pulsae
1041 1049 1079 1085 in
1122 1047 1262 1086 Vetera
1302 1053 1429 1086 castra
1468 1051 1758 1098 concesserant,

154 1121 170 1147 5
191 1117 235 1149 ut
267 1110 372 1149 idem
404 1115 694 1148 sacramentum
726 1109 964 1158 acciperent.
1015 1106 1198 1145 redditur
1226 1118 1473 1157 responsum,
1506 1118 1634 1156 neque
1667 1117 1756 1156 pro-

190 1170 329 1208 ditoris
362 1180 490 1220 neque
523 1168 695 1206 hostium
730 1179 770 1205 se
804 1166 979 1205 consiliis
1012 1167 1090 1217 uti,
1130 1177 1216 1204 esse
1257 1165 1333 1203 sibi
1373 1164 1572 1203 Vitellium
1609 1165 1755 1215 princi-

190 1241 296 1280 pem,
329 1240 400 1279 pro
434 1239 511 1278 quo
544 1227 661 1265 fidem
695 1232 733 1264 et
765 1238 872 1264 arma
904 1237 1030 1276 usque
1064 1223 1110 1263 ad
1144 1236 1375 1275 supremum
1410 1224 1594 1274 spiritum
1627 1228 1756 1262 reten-

236 1380 268 1411 8
295 1376 509 1422 Belyarum]
543 1377 576 1411 d
603 1375 625 1409 i.
654 1375 874 1410 Nerviorum
901 1375 937 1408 et

191 1424 577 1468 Zungrorum(c.15.
608 1424 676 1467 16).

232 1471 376 1514 payaui
404 1470 585 1513 ‘‚Bauern
612 1469 838 1511 Landvolk’,
866 1467 936 1502 wie

188 1518 233 1562 ΙΙ,
246 1522 288 1551 14
291 1529 365 1561 par
367 1528 384 1552 s
392 1518 623 1552 classicorum
636 1515 935 1559 mioetispayanis.

236 1566 373 1610 iynava
404 1565 464 1599 sed
497 1563 655 1609 procaa]
697 1563 770 1607 vgl.
807 1562 857 1605 II,
892 1566 935 1596 23

189 1616 230 1647 ut
255 1613 404 1656 quisque
435 1612 557 1646 ariimo
591 1612 764 1655 igynavus,
792 1619 936 1653 procace

190 1670 264 1702 ore,
293 1671 322 1693 c.
339 1662 382 1693 87
403 1659 675 1703 procacissimis
695 1658 858 1692 lixarum
879 1656 936 1691 iu·

191 1707 316 1751 yeuiis.

239 1758 270 1787 9.
293 1753 429 1798 portis]
458 1764 484 1788 s
513 1765 557 1786 zu
584 1764 613 1787 c.
643 1755 697 1794 77,
725 1755 756 1785 2.

233 1800 496 1845 prorumpunt]
525 1800 616 1834 stati:
635 1799 700 1833 der
720 1798 852 1832 Lesart
872 1797 936 1831 des

191 1846 288 1881 Med.
315 1851 508 1891 rumpunt,
540 1847 610 1881 wie
638 1858 665 1881 c.
694 1849 740 1879 34
771 1838 938 1879 omuibus

185 1895 305 1938 portis
333 1897 589 1938 pomorumpunt
643 1892 785 1927 Anders
819 1891 869 1926 ist
893 1891 935 1925 A.

189 1940 239 1984 ΙΙ,
274 1945 315 1975 17
351 1942 417 1976 illa
449 1944 645 1986 rupturus,
684 1951 740 1974 wo
773 1949 938 1982 rumpere

189 1988 259 2023 wie
294 1988 407 2022 ofters
446 1988 593 2023 absolut
630 1988 681 2021 im
720 1986 938 2031 Sinneuvon

188 2046 420 2080 perrumpere
463 2034 671 2079 gebraucht
715 2033 774 2068 ist.
838 2032 938 2068 Uber

191 2083 263 2117 den
288 2082 415 2116 Plural
443 2094 469 2119 s.
497 2095 539 2116 zu
567 2093 596 2115 c.
625 2085 679 2125 16,
709 2085 762 2116 14.

241 2133 294 2164 10.
320 2134 419 2164 vetus
447 2129 628 2173 ‘ergraut’
652 2128 721 2162 mit
742 2128 824 2162 dem
847 2126 936 2162 Gen.

191 2177 287 2211 nach
325 2176 506 2220 Analogie
545 2188 617 2211 von
659 2176 816 2219 peritus;
862 2174 936 2218 vgl.

193 2235 222 2258 c.
264 2227 307 2258 76
350 2228 497 2258 veterem
542 2227 795 2268 expertumque
839 2222 940 2265 belli,-

191 2273 233 2305 A.
262 2271 294 2315 I,
330 2275 374 2305 20
413 2275 512 2305 retus
549 2271 667 2315 operis
705 2281 747 2304 ae
786 2269 940 2310 laboris,-

194 2317 260 2361 VI,
290 2321 331 2352 12
365 2319 536 2352 scientiae
568 2317 940 2360 caerimoniarumque

192 2369 307 2407 retum
335 2376 363 2400 c.
389 2369 433 2399 50
459 2369 559 2399 vetus
584 2364 773 2410 regnandi.
828 2363 938 2397 Drac—

193 2423 268 2456 ger‚
295 2411 397 2456 synt.
426 2416 444 2454 ξ
472 2416 527 2455 71,
555 2423 585 2446 a.

240 2459 384 2504 euneos]
418 2459 498 2494 hier
534 2459 603 2493 wie
639 2459 690 2502 ΙΙ,
721 2461 784 2501 42,
812 2461 866 2492 11.
894 2457 938 2500 V,

195 2509 255 2548 16,
290 2510 321 2540 3.
356 2509 397 2540 A.
425 2506 457 2549 Ι,
486 2510 539 2541 51.
575 2505 617 2540 G.
646 2510 729 2540 6..7
770 2504 941 2549 ⁶(di0hte)

195 2552 404 2587 Kolonnon'
447 2554 497 2587 im
537 2553 745 2597 Gegensatz
784 2564 845 2586 zur
883 2551 941 2585 Li-

196 2599 529 2643 nienaufstellung,
563 2601 651 2634 oder
677 2600 715 2633 in
748 2599 940 2644 allgemei-

197 2658 321 2682 nerem
351 2646 462 2681 Sinne
485 2646 847 2688 ‘Schlachthaufen’,
870 2645 939 2679 wie

197 2706 224 2728 c.
256 2698 309 2737 16,
336 2698 366 2728 8.

246 2746 297 2775 11.
336 2742 438 2775 densi
466 2741 584 2775 ‘dicht
609 2740 859 2785 gesehlosscn'
889 2739 939 2772 im

200 2788 408 2832 Gegensatz
434 2800 477 2822 zu
504 2791 643 2822 tenuem
670 2789 792 2821 aciem.

242 2834 411 2879 frontem]
452 2836 543 2869 stau
582 2847 603 2869 a
641 2835 770 2876 fronte.

199 2893 227 2916 c.
258 2885 310 2923 12,
339 2885 370 2916 8.

837 2832 870 2866 S.
898 2843 941 2865 zu

1064 1377 1118 1408 13.
1145 1374 1263 1408 clades
1290 1372 1456 1407 ‘Ver-lust
1481 1383 1529 1406 an
1554 1371 1704 1406 Toten’.

1062 1424 1116 1455 14.
1144 1421 1350 1455 cumulatus
1378 1418 1602 1454 ‘fiberffilltz

1061 1471 1115 1503 15.
1148 1468 1262 1502 ruina
1293 1470 1326 1502 et
1356 1467 1434 1501 suis
1467 1495 1473 1501 .
1502 1494 1509 1501 .
1538 1494 1545 1501 .
1581 1466 1674 1511 telis]
1712 1464 1758 1500 ἓν

1011 1511 1075 1549 διὰ
1109 1515 1217 1548 δυοῖν
1251 1514 1309 1548 fin·
1340 1514 1381 1549 iri
1406 1525 1474 1549 sua
1505 1514 1576 1549 tela
1601 1514 1759 1558 ruendo,-

1012 1574 1037 1596 s.
1065 1560 1243 1606 Draeger,
1272 1561 1375 1606 Synt.
1404 1564 1531 1603 5243.

1057 1608 1404 1653 Ayrippiuensium]
1432 1621 1457 1643 s.
1485 1620 1529 1642 zu
1555 1619 1584 1643 c.
1614 1611 1667 1651 18,
1695 1611 1727 1642 5.

1060 1660 1113 1691 16.
1129 1656 1264 1701 vitata]
1286 1667 1349 1690 um
1368 1655 1472 1690 nicht
1491 1655 1561 1689 mit
1579 1655 1645 1689 der
1665 1656 1759 1690 star-

1010 1702 1081 1737 ken
1103 1702 1312 1747 Besatzung
1333 1702 1574 1737 anzubinden.
1612 1702 1759 1738 Ebenso

1011 1761 1041 1784 c.
1070 1754 1114 1785 70
1140 1751 1253 1784 vitato
1283 1750 1536 1795 Moqautiaco.

1058 1801 1212 1832 ceterum
1230 1797 1467 1831 unklassisch
1486 1796 1563 1831 und
1582 1807 1755 1841 ungenau

1011 1845 1103 1879 stati:
1126 1845 1305 1889 reliquum
1333 1844 1413 1879 ‘der
1438 1843 1611 1886 fernere’,
1645 1844 1693 1878 da,
1719 1855 1756 1878 es

1012 1891 1091 1925 sich
1130 1902 1193 1925 um
1231 1892 1301 1926 den
1338 1890 1431 1926 Reslz
1470 1891 1534 1926 des
1571 1891 1760 1926 Marsches

1011 1938 1179 1973 handelt.

1061 1990 1114 2020 17.
1148 1985 1348 2031 tamquam]
1391 1983 1476 2020 ‘mit
1509 1986 1574 2021 der
1604 1984 1759 2031 Angabe

1011 2032 1120 2075 dass’3
1149 2045 1173 2068 s.
1203 2045 1248 2067 zu
1275 2044 1303 2067 c.
1334 2036 1391 2076 19,
1419 2036 1474 2067 13.

1057 2080 1198 2115 sibimet
1256 2081 1438 2115 consulere
1498 2080 1593 2116 ‘sich
1640 2079 1761 2116 selber

1011 2127 1149 2170 helsen,
1178 2138 1240 2161 zur
1267 2126 1483 2162 Selbsthilfe
1510 2127 1724 2163 schreiten'.

1058 2174 1123 2209 21.
1147 2178 1177 2208 1.
1193 2175 1312 2208 iustus
1328 2174 1591 2219 ‘regelmassiffi
1613 2175 1759 2210 ordenb-

1013 2220 1117 2264 lich’3
1147 2222 1220 2266 vgl.
1243 2223 1284 2256 A.
1305 2220 1401 2264 XIV,
1423 2225 1467 2256 32
1493 2222 1664 2258 ducentos
1682 2223 1761 2257 siue

1012 2269 1120 2303 iustis
1145 2269 1258 2303 armis
1281 2269 1390 2303 misit.

1061 2319 1092 2349 2.
1114 2316 1259 2351 consilii
1278 2316 1485 2362 ambiguus]
1512 2316 1639 2360 wiell,
1654 2320 1711 2360 83,
1727 2319 1759 2351 6.

1014 2353 1112 2397 Uber
1144 2363 1216 2397 den
1249 2362 1338 2398 Gen.
1366 2362 1559 2398 relationis
1593 2375 1619 2398 s.
1647 2363 1760 2398 Drae-

1013 2421 1090 2454 ger,
1118 2409 1220 2455 Synt.
1248 2413 1267 2452 5
1293 2414 1348 2454 71,
1368 2409 1402 2444 b.
1455 2405 1678 2455 Ambiyuum
1704 2412 1762 2445 est,

1014 2458 1112 2500 quod
1132 2457 1169 2491 in
1192 2458 1319 2492 ambas
1340 2459 1466 2501 partes
1487 2458 1609 2492 animo
1625 2457 1759 2503 agitur.

1062 2505 1118 2539 vis
1146 2495 1416 2548 Ubermaoht’,
1442 2505 1512 2539 wie
1538 2516 1567 2540 c
1596 2508 1651 2548 69,
1681 2508 1710 2540 1.

1063 2556 1095 2586 3.
1123 2552 1164 2586 iu
1188 2552 1373 2586 verba..
1400 2552 1530 2596 adiqit]
1560 2532 1664 2587 ‘l'ass't
1688 2551 1760 2587 den

1015 2598 1312 2643 Huldigungseid
1362 2598 1569 2634 schworen’
1615 2598 1683 2634 wie
1728 2609 1757 2633 c.

1015 2645 1527 2689 59‚13.S.zu11,14,1.

1061 2696 1094 2725 4.
1120 2693 1242 2735 priore
1262 2692 1353 2737 acie]
1381 2692 1420 2726 in
1440 2691 1630 2736 superiore
1651 2693 1756 2736 parte

1014 2737 1157 2772 insulae
1191 2738 1373 2772 instructa
1399 2739 1446 2783 (c.
1477 2739 1544 2782 18).

1062 2787 1093 2818 ὃ
1121 2788 1386 2819 sacramentum
1416 2785 1578 2828 accipere
1609 2782 1679 2818 wie
1711 2784 1757 2827 ΙΙ,

1015 2834 1092 2873 6,1
1123 2843 1148 2864 s.
1177 2843 1209 2865 v.
1237 2843 1268 2866 a.
1295 2832 1336 2866 in
1361 2831 1469 2866 verba
1493 2832 1628 2865 iurare.

1065 2881 1095 2912 7.
1117 2888 1188 2921 pro
1214 2878 1298 2923 quo]
1328 2894 1372 2907 =
1398 2881 1430 2913 et
1449 2887 1522 2922 pro
1547 2887 1586 2913 eo
1603 2888 1648 2912 se.
