<?xml version="1.0" encoding="UTF-8"?>
<!DOCTYPE html PUBLIC "-//W3C//DTD XHTML 1.0 Transitional//EN"
    "http://www.w3.org/TR/xhtml1/DTD/xhtml1-transitional.dtd">
<html xmlns="http://www.w3.org/1999/xhtml" xml:lang="en" lang="en">
 <head>
  <title>
</title>
<meta http-equiv="Content-Type" content="text/html;charset=utf-8" />
  <meta name='ocr-system' content='tesseract 3.04.00' />
  <meta name='ocr-capabilities' content='ocr_page ocr_carea ocr_par ocr_line ocrx_word'/>
</head>
<body>
  <div class='ocr_page' id='page_1' title='image "./historiarumlibri0304taciuoft_0189.png"; bbox 0 0 1875 3214; ppageno 0'>
   <div class='ocr_carea' id='block_1_1' title="bbox 0 1766 5 2596">
    <p class='ocr_par' dir='ltr' id='par_1_1' title="bbox 0 1766 5 2596">
     <span class='ocr_line' id='line_1_1' title="bbox 0 1766 5 2596; baseline 0 0"><span class='ocrx_word' id='word_1_1' title='bbox 0 1766 5 2596; x_wconf 95' lang='lat' dir='ltr'> </span> 
     </span>
    </p>
   </div>
   <div class='ocr_carea' id='block_1_2' title="bbox 586 118 1667 160">
    <p class='ocr_par' dir='ltr' id='par_1_2' title="bbox 586 118 1667 160">
     <span class='ocr_line' id='line_1_2' title="bbox 586 118 1667 160; baseline 0.007 -8"><span class='ocrx_word' id='word_1_2' title='bbox 586 118 732 155; x_wconf 75' lang='lat' dir='ltr'><strong>LIBER</strong></span> <span class='ocrx_word' id='word_1_3' title='bbox 758 120 818 155; x_wconf 78' lang='lat' dir='ltr'>IV.</span> <span class='ocrx_word' id='word_1_4' title='bbox 872 119 973 156; x_wconf 80' lang='lat' dir='ltr'>CAP.</span> <span class='ocrx_word' id='word_1_5' title='bbox 1004 123 1158 155; x_wconf 72' lang='lat'>73—74.</span> <span class='ocrx_word' id='word_1_6' title='bbox 1585 118 1667 160; x_wconf 85' lang='grc'>181</span> 
     </span>
    </p>
   </div>
   <div class='ocr_carea' id='block_1_3' title="bbox 209 229 1744 285">
    <p class='ocr_par' dir='ltr' id='par_1_3' title="bbox 209 229 1744 285">
     <span class='ocr_line' id='line_1_3' title="bbox 209 229 1744 285; baseline 0 -13"><span class='ocrx_word' id='word_1_7' title='bbox 209 233 343 284; x_wconf 86' lang='lat' dir='ltr'>Regna</span> <span class='ocrx_word' id='word_1_8' title='bbox 376 232 557 285; x_wconf 86' lang='lat' dir='ltr'>bellaque</span> <span class='ocrx_word' id='word_1_9' title='bbox 591 244 662 284; x_wconf 89' lang='lat' dir='ltr'>per</span> <span class='ocrx_word' id='word_1_10' title='bbox 696 231 839 271; x_wconf 88' lang='lat' dir='ltr'>Gallias</span> <span class='ocrx_word' id='word_1_11' title='bbox 879 244 1037 283; x_wconf 81' lang='lat' dir='ltr'>semper</span> <span class='ocrx_word' id='word_1_12' title='bbox 1070 231 1200 284; x_wconf 82' lang='lat' dir='ltr'>suere,</span> <span class='ocrx_word' id='word_1_13' title='bbox 1239 231 1364 270; x_wconf 90' lang='lat' dir='ltr'>donec</span> <span class='ocrx_word' id='word_1_14' title='bbox 1404 232 1445 270; x_wconf 86' lang='lat' dir='ltr'>in</span> <span class='ocrx_word' id='word_1_15' title='bbox 1486 237 1670 270; x_wconf 88' lang='lat' dir='ltr'>nostrum</span> <span class='ocrx_word' id='word_1_16' title='bbox 1687 229 1744 272; x_wconf 81' lang='lat'>74</span> 
     </span>
    </p>
   </div>
   <div class='ocr_carea' id='block_1_4' title="bbox 86 290 1673 1003">
    <p class='ocr_par' dir='ltr' id='par_1_4' title="bbox 86 290 1673 1003">
     <span class='ocr_line' id='line_1_4' title="bbox 89 290 1671 344; baseline -0.002 -11"><span class='ocrx_word' id='word_1_17' title='bbox 89 295 151 333; x_wconf 91' lang='lat' dir='ltr'>ius</span> <span class='ocrx_word' id='word_1_18' title='bbox 183 293 470 333; x_wconf 81' lang='lat' dir='ltr'>concederetis.</span> <span class='ocrx_word' id='word_1_19' title='bbox 522 304 614 344; x_wconf 89' lang='lat' dir='ltr'>nos,</span> <span class='ocrx_word' id='word_1_20' title='bbox 655 304 895 343; x_wconf 87' lang='lat' dir='ltr'>quamquam</span> <span class='ocrx_word' id='word_1_21' title='bbox 934 292 1081 330; x_wconf 84' lang='lat' dir='ltr'>totiens</span> <span class='ocrx_word' id='word_1_22' title='bbox 1124 290 1315 343; x_wconf 85' lang='lat' dir='ltr'>lacessiti,</span> <span class='ocrx_word' id='word_1_23' title='bbox 1355 292 1442 330; x_wconf 87' lang='lat' dir='ltr'>iure</span> <span class='ocrx_word' id='word_1_24' title='bbox 1482 293 1671 331; x_wconf 83' lang='lat' dir='ltr'>victoriae</span> 
     </span>
     <span class='ocr_line' id='line_1_5' title="bbox 88 351 1671 404; baseline -0.001 -12"><span class='ocrx_word' id='word_1_25' title='bbox 88 353 128 392; x_wconf 93' lang='lat' dir='ltr'>id</span> <span class='ocrx_word' id='word_1_26' title='bbox 162 352 290 392; x_wconf 89' lang='lat' dir='ltr'>solum</span> <span class='ocrx_word' id='word_1_27' title='bbox 322 352 434 391; x_wconf 83' lang='lat' dir='ltr'>vobis</span> <span class='ocrx_word' id='word_1_28' title='bbox 461 351 704 404; x_wconf 76' lang='lat' dir='ltr'>addidimus,</span> <span class='ocrx_word' id='word_1_29' title='bbox 738 364 815 403; x_wconf 89' lang='lat' dir='ltr'>quo</span> <span class='ocrx_word' id='word_1_30' title='bbox 849 364 985 403; x_wconf 89' lang='lat' dir='ltr'>pacem</span> <span class='ocrx_word' id='word_1_31' title='bbox 1015 357 1238 403; x_wconf 80' lang='lat' dir='ltr'>tueremur3</span> <span class='ocrx_word' id='word_1_32' title='bbox 1271 363 1361 389; x_wconf 87' lang='lat' dir='ltr'>nam</span> <span class='ocrx_word' id='word_1_33' title='bbox 1392 363 1522 402; x_wconf 88' lang='lat' dir='ltr'>neque</span> <span class='ocrx_word' id='word_1_34' title='bbox 1557 353 1671 402; x_wconf 87' lang='lat' dir='ltr'>quies</span> 
     </span>
     <span class='ocr_line' id='line_1_6' title="bbox 89 411 1672 465; baseline -0.002 -13"><span class='ocrx_word' id='word_1_35' title='bbox 89 414 266 465; x_wconf 86' lang='lat' dir='ltr'>gentium</span> <span class='ocrx_word' id='word_1_36' title='bbox 311 413 396 451; x_wconf 90' lang='lat' dir='ltr'>sine</span> <span class='ocrx_word' id='word_1_37' title='bbox 437 413 558 451; x_wconf 87' lang='lat' dir='ltr'>armis</span> <span class='ocrx_word' id='word_1_38' title='bbox 597 423 727 463; x_wconf 83' lang='lat' dir='ltr'>neque</span> <span class='ocrx_word' id='word_1_39' title='bbox 768 423 876 449; x_wconf 86' lang='lat' dir='ltr'>arma</span> <span class='ocrx_word' id='word_1_40' title='bbox 916 412 1001 450; x_wconf 90' lang='lat' dir='ltr'>sine</span> <span class='ocrx_word' id='word_1_41' title='bbox 1042 411 1252 462; x_wconf 88' lang='lat' dir='ltr'>stipendiis</span> <span class='ocrx_word' id='word_1_42' title='bbox 1298 423 1427 462; x_wconf 84' lang='lat' dir='ltr'>neque</span> <span class='ocrx_word' id='word_1_43' title='bbox 1474 411 1672 462; x_wconf 85' lang='lat' dir='ltr'>stipendia</span> 
     </span>
     <span class='ocr_line' id='line_1_7' title="bbox 89 471 1672 522; baseline -0.002 -10"><span class='ocrx_word' id='word_1_44' title='bbox 89 474 173 512; x_wconf 88' lang='lat' dir='ltr'>sine</span> <span class='ocrx_word' id='word_1_45' title='bbox 213 471 376 511; x_wconf 84' lang='lat' dir='ltr'>tributis</span> <span class='ocrx_word' id='word_1_46' title='bbox 422 471 560 511; x_wconf 89' lang='lat' dir='ltr'>haberi</span> <span class='ocrx_word' id='word_1_47' title='bbox 606 476 775 522; x_wconf 87' lang='lat' dir='ltr'>queunt:</span> <span class='ocrx_word' id='word_1_48' title='bbox 821 477 953 510; x_wconf 86' lang='lat' dir='ltr'>cetera</span> <span class='ocrx_word' id='word_1_49' title='bbox 993 472 1033 510; x_wconf 85' lang='lat' dir='ltr'>in</span> <span class='ocrx_word' id='word_1_50' title='bbox 1072 471 1275 509; x_wconf 89' lang='lat' dir='ltr'>communi</span> <span class='ocrx_word' id='word_1_51' title='bbox 1313 471 1387 509; x_wconf 89' lang='lat' dir='ltr'>sita</span> <span class='ocrx_word' id='word_1_52' title='bbox 1427 476 1531 510; x_wconf 82' lang='lat' dir='ltr'>sunt.</span> <span class='ocrx_word' id='word_1_53' title='bbox 1594 471 1672 522; x_wconf 88' lang='lat' dir='ltr'>ipsi</span> 
     </span>
     <span class='ocr_line' id='line_1_8' title="bbox 86 529 1672 585; baseline -0.001 -14"><span class='ocrx_word' id='word_1_54' title='bbox 86 532 323 585; x_wconf 87' lang='lat' dir='ltr'>plerumque</span> <span class='ocrx_word' id='word_1_55' title='bbox 349 531 574 583; x_wconf 84' lang='lat' dir='ltr'>legionibus</span> <span class='ocrx_word' id='word_1_56' title='bbox 601 532 750 569; x_wconf 86' lang='lat' dir='ltr'>nostris</span> <span class='ocrx_word' id='word_1_57' title='bbox 777 530 1025 583; x_wconf 73' lang='lat' dir='ltr'>praesidetis,</span> <span class='ocrx_word' id='word_1_58' title='bbox 1052 531 1129 582; x_wconf 93' lang='lat' dir='ltr'>ipsi</span> <span class='ocrx_word' id='word_1_59' title='bbox 1156 530 1226 568; x_wconf 86' lang='lat' dir='ltr'>has</span> <span class='ocrx_word' id='word_1_60' title='bbox 1249 529 1424 581; x_wconf 89' lang='lat' dir='ltr'>aliasque</span> <span class='ocrx_word' id='word_1_61' title='bbox 1446 531 1672 581; x_wconf 86' lang='lat' dir='ltr'>provincias</span> 
     </span>
     <span class='ocr_line' id='line_1_9' title="bbox 89 589 1672 645; baseline -0.002 -14"><span class='ocrx_word' id='word_1_62' title='bbox 89 593 246 645; x_wconf 84' lang='lat' dir='ltr'>regitis;</span> <span class='ocrx_word' id='word_1_63' title='bbox 279 591 378 630; x_wconf 90' lang='lat' dir='ltr'>nihil</span> <span class='ocrx_word' id='word_1_64' title='bbox 410 596 637 644; x_wconf 85' lang='lat' dir='ltr'>separatum</span> <span class='ocrx_word' id='word_1_65' title='bbox 672 590 910 629; x_wconf 81' lang='lat' dir='ltr'>clausumve.</span> <span class='ocrx_word' id='word_1_66' title='bbox 963 595 1002 629; x_wconf 86' lang='lat' dir='ltr'>et</span> <span class='ocrx_word' id='word_1_67' title='bbox 1034 589 1294 631; x_wconf 80' lang='lat' dir='ltr'>laudatorum,</span> <span class='ocrx_word' id='word_1_68' title='bbox 1319 591 1547 641; x_wconf 83' lang='lat' dir='ltr'>principum</span> <span class='ocrx_word' id='word_1_69' title='bbox 1575 602 1672 629; x_wconf 91' lang='lat' dir='ltr'>usus</span> 
     </span>
     <span class='ocr_line' id='line_1_10' title="bbox 88 649 1671 704; baseline -0.002 -13"><span class='ocrx_word' id='word_1_70' title='bbox 88 664 134 691; x_wconf 89' lang='lat' dir='ltr'>ex</span> <span class='ocrx_word' id='word_1_71' title='bbox 168 664 294 704; x_wconf 90' lang='lat' dir='ltr'>aequo</span> <span class='ocrx_word' id='word_1_72' title='bbox 328 652 506 703; x_wconf 85' lang='lat' dir='ltr'>quamvis</span> <span class='ocrx_word' id='word_1_73' title='bbox 538 650 679 702; x_wconf 87' lang='lat' dir='ltr'>procul</span> <span class='ocrx_word' id='word_1_74' title='bbox 714 649 942 702; x_wconf 81' lang='lat' dir='ltr'>agentibus:</span> <span class='ocrx_word' id='word_1_75' title='bbox 977 651 1082 688; x_wconf 79' lang='lat' dir='ltr'>saevi</span> <span class='ocrx_word' id='word_1_76' title='bbox 1114 650 1307 701; x_wconf 85' lang='lat' dir='ltr'>proximis</span> <span class='ocrx_word' id='word_1_77' title='bbox 1341 651 1544 701; x_wconf 88' lang='lat' dir='ltr'>ingruunt.</span> <span class='ocrx_word' id='word_1_78' title='bbox 1594 662 1671 701; x_wconf 89' lang='lat' dir='ltr'>quo</span> 
     </span>
     <span class='ocr_line' id='line_1_11' title="bbox 86 709 1673 762; baseline -0.002 -12"><span class='ocrx_word' id='word_1_79' title='bbox 86 711 203 751; x_wconf 90' lang='lat' dir='ltr'>modo</span> <span class='ocrx_word' id='word_1_80' title='bbox 238 710 489 750; x_wconf 82' lang='lat' dir='ltr'>sterilitatem</span> <span class='ocrx_word' id='word_1_81' title='bbox 534 715 602 750; x_wconf 87' lang='lat' dir='ltr'>aut</span> <span class='ocrx_word' id='word_1_82' title='bbox 639 711 783 749; x_wconf 88' lang='lat' dir='ltr'>nimios</span> <span class='ocrx_word' id='word_1_83' title='bbox 823 709 972 748; x_wconf 88' lang='lat' dir='ltr'>imbres</span> <span class='ocrx_word' id='word_1_84' title='bbox 1012 715 1050 748; x_wconf 89' lang='lat' dir='ltr'>et</span> <span class='ocrx_word' id='word_1_85' title='bbox 1090 715 1223 749; x_wconf 87' lang='lat' dir='ltr'>cetera</span> <span class='ocrx_word' id='word_1_86' title='bbox 1256 715 1421 748; x_wconf 84' lang='lat' dir='ltr'>naturae</span> <span class='ocrx_word' id='word_1_87' title='bbox 1454 709 1575 762; x_wconf 88' lang='lat' dir='ltr'>mala,</span> <span class='ocrx_word' id='word_1_88' title='bbox 1619 711 1673 748; x_wconf 85' lang='lat' dir='ltr'>ita</span> 
     </span>
     <span class='ocr_line' id='line_1_12' title="bbox 86 768 1672 821; baseline -0.002 -11"><span class='ocrx_word' id='word_1_89' title='bbox 86 771 223 811; x_wconf 82' lang='lat' dir='ltr'>luxum</span> <span class='ocrx_word' id='word_1_90' title='bbox 255 770 317 810; x_wconf 83' lang='lat' dir='ltr'>vel</span> <span class='ocrx_word' id='word_1_91' title='bbox 349 772 554 810; x_wconf 87' lang='lat' dir='ltr'>avaritiam</span> <span class='ocrx_word' id='word_1_92' title='bbox 587 770 878 809; x_wconf 84' lang='lat' dir='ltr'>dominantium</span> <span class='ocrx_word' id='word_1_93' title='bbox 911 769 1088 809; x_wconf 88' lang='lat' dir='ltr'>tolerate.</span> <span class='ocrx_word' id='word_1_94' title='bbox 1162 770 1252 808; x_wconf 81' lang='lat' dir='ltr'>vitia</span> <span class='ocrx_word' id='word_1_95' title='bbox 1288 775 1417 821; x_wconf 86' lang='lat' dir='ltr'>erunt,</span> <span class='ocrx_word' id='word_1_96' title='bbox 1451 768 1577 808; x_wconf 91' lang='lat' dir='ltr'>donec</span> <span class='ocrx_word' id='word_1_97' title='bbox 1605 768 1672 807; x_wconf 94' lang='lat' dir='ltr'>ho-</span> 
     </span>
     <span class='ocr_line' id='line_1_13' title="bbox 87 829 1673 883; baseline -0.002 -13"><span class='ocrx_word' id='word_1_98' title='bbox 87 832 237 883; x_wconf 89' lang='lat' dir='ltr'>mines,</span> <span class='ocrx_word' id='word_1_99' title='bbox 270 830 339 870; x_wconf 91' lang='lat' dir='ltr'>sed</span> <span class='ocrx_word' id='word_1_100' title='bbox 373 843 503 883; x_wconf 88' lang='lat' dir='ltr'>neque</span> <span class='ocrx_word' id='word_1_101' title='bbox 536 830 632 869; x_wconf 90' lang='lat' dir='ltr'>haec</span> <span class='ocrx_word' id='word_1_102' title='bbox 660 831 848 869; x_wconf 88' lang='lat' dir='ltr'>continua</span> <span class='ocrx_word' id='word_1_103' title='bbox 881 834 920 868; x_wconf 89' lang='lat' dir='ltr'>et</span> <span class='ocrx_word' id='word_1_104' title='bbox 946 829 1157 868; x_wconf 88' lang='lat' dir='ltr'>meliorum</span> <span class='ocrx_word' id='word_1_105' title='bbox 1185 830 1413 868; x_wconf 85' lang='lat' dir='ltr'>interventu</span> <span class='ocrx_word' id='word_1_106' title='bbox 1440 834 1673 880; x_wconf 85' lang='lat' dir='ltr'>pensantur,</span> 
     </span>
     <span class='ocr_line' id='line_1_14' title="bbox 87 889 1672 941; baseline -0.002 -11"><span class='ocrx_word' id='word_1_107' title='bbox 87 892 164 930; x_wconf 79' lang='lat' dir='ltr'>nisi</span> <span class='ocrx_word' id='word_1_108' title='bbox 209 891 311 930; x_wconf 86' lang='lat' dir='ltr'>forte</span> <span class='ocrx_word' id='word_1_109' title='bbox 357 890 506 930; x_wconf 84' lang='lat' dir='ltr'>Tutore</span> <span class='ocrx_word' id='word_1_110' title='bbox 552 895 591 929; x_wconf 87' lang='lat' dir='ltr'>et</span> <span class='ocrx_word' id='word_1_111' title='bbox 638 890 811 930; x_wconf 86' lang='lat' dir='ltr'>Classico</span> <span class='ocrx_word' id='word_1_112' title='bbox 863 889 1124 941; x_wconf 85' lang='lat' dir='ltr'>regnantibus</span> <span class='ocrx_word' id='word_1_113' title='bbox 1169 889 1413 928; x_wconf 87' lang='lat' dir='ltr'>moderatius</span> <span class='ocrx_word' id='word_1_114' title='bbox 1459 889 1672 940; x_wconf 88' lang='lat' dir='ltr'>imperium</span> 
     </span>
     <span class='ocr_line' id='line_1_15' title="bbox 89 948 1673 1003; baseline -0.003 -13"><span class='ocrx_word' id='word_1_115' title='bbox 89 952 258 1003; x_wconf 74' lang='lat' dir='ltr'>speratis</span> <span class='ocrx_word' id='word_1_116' title='bbox 310 955 378 989; x_wconf 87' lang='lat' dir='ltr'>aut</span> <span class='ocrx_word' id='word_1_117' title='bbox 415 949 639 990; x_wconf 90' lang='lat' dir='ltr'>minoribus</span> <span class='ocrx_word' id='word_1_118' title='bbox 679 963 797 1002; x_wconf 85' lang='lat' dir='ltr'>quam</span> <span class='ocrx_word' id='word_1_119' title='bbox 831 962 937 988; x_wconf 92' lang='lat' dir='ltr'>nunc</span> <span class='ocrx_word' id='word_1_120' title='bbox 977 949 1139 988; x_wconf 87' lang='lat' dir='ltr'>tributis</span> <span class='ocrx_word' id='word_1_121' title='bbox 1172 948 1421 1000; x_wconf 82' lang='lat' dir='ltr'>parabuntur</span> <span class='ocrx_word' id='word_1_122' title='bbox 1461 949 1673 1000; x_wconf 87' lang='lat' dir='ltr'>exercitus,</span> 
     </span>
    </p>
   </div>
   <div class='ocr_carea' id='block_1_5' title="bbox 89 1008 1674 1062">
    <p class='ocr_par' dir='ltr' id='par_1_5' title="bbox 89 1008 1674 1062">
     <span class='ocr_line' id='line_1_16' title="bbox 89 1008 1674 1062; baseline -0.002 -13"><span class='ocrx_word' id='word_1_123' title='bbox 89 1010 235 1062; x_wconf 90' lang='lat' dir='ltr'>quibus</span> <span class='ocrx_word' id='word_1_124' title='bbox 269 1010 455 1049; x_wconf 87' lang='lat' dir='ltr'>Germani</span> <span class='ocrx_word' id='word_1_125' title='bbox 487 1009 748 1062; x_wconf 88' lang='lat' dir='ltr'>Britannique</span> <span class='ocrx_word' id='word_1_126' title='bbox 782 1014 1006 1049; x_wconf 85' lang='lat' dir='ltr'>arceantur.</span> <span class='ocrx_word' id='word_1_127' title='bbox 1069 1021 1159 1047; x_wconf 90' lang='lat' dir='ltr'>nam</span> <span class='ocrx_word' id='word_1_128' title='bbox 1186 1008 1329 1060; x_wconf 88' lang='lat' dir='ltr'>pulsis,</span> <span class='ocrx_word' id='word_1_129' title='bbox 1373 1008 1478 1059; x_wconf 88' lang='lat' dir='ltr'>quod</span> <span class='ocrx_word' id='word_1_130' title='bbox 1513 1008 1551 1047; x_wconf 88' lang='lat' dir='ltr'>di</span> <span class='ocrx_word' id='word_1_131' title='bbox 1584 1020 1674 1059; x_wconf 89' lang='lat' dir='ltr'>pro—</span> 
     </span>
    </p>
   </div>
   <div class='ocr_carea' id='block_1_6' title="bbox 87 1068 1727 1122">
    <p class='ocr_par' dir='ltr' id='par_1_6' title="bbox 87 1068 1727 1122">
     <span class='ocr_line' id='line_1_17' title="bbox 87 1068 1727 1122; baseline -0.002 -13"><span class='ocrx_word' id='word_1_132' title='bbox 87 1069 273 1122; x_wconf 88' lang='lat' dir='ltr'>hibeant,</span> <span class='ocrx_word' id='word_1_133' title='bbox 305 1070 495 1109; x_wconf 81' lang='lat' dir='ltr'>Romanis</span> <span class='ocrx_word' id='word_1_134' title='bbox 528 1070 621 1122; x_wconf 86' lang='lat' dir='ltr'>quid</span> <span class='ocrx_word' id='word_1_135' title='bbox 657 1070 761 1109; x_wconf 90' lang='lat' dir='ltr'>aliud</span> <span class='ocrx_word' id='word_1_136' title='bbox 798 1082 914 1122; x_wconf 90' lang='lat' dir='ltr'>quam</span> <span class='ocrx_word' id='word_1_137' title='bbox 948 1068 1049 1108; x_wconf 89' lang='lat' dir='ltr'>bella</span> <span class='ocrx_word' id='word_1_138' title='bbox 1082 1070 1260 1107; x_wconf 91' lang='lat' dir='ltr'>omnium</span> <span class='ocrx_word' id='word_1_139' title='bbox 1293 1069 1398 1107; x_wconf 83' lang='lat' dir='ltr'>inter</span> <span class='ocrx_word' id='word_1_140' title='bbox 1426 1080 1467 1106; x_wconf 87' lang='lat' dir='ltr'>se</span> <span class='ocrx_word' id='word_1_141' title='bbox 1495 1069 1673 1119; x_wconf 86' lang='lat' dir='ltr'>gentium</span> <span class='ocrx_word' id='word_1_142' title='bbox 1711 1075 1727 1100; x_wconf 77' lang='lat'>5</span> 
     </span>
    </p>
   </div>
   <div class='ocr_carea' id='block_1_7' title="bbox 89 1127 1675 1242">
    <p class='ocr_par' dir='ltr' id='par_1_7' title="bbox 89 1127 1675 1242">
     <span class='ocr_line' id='line_1_18' title="bbox 89 1127 1674 1182; baseline -0.003 -13"><span class='ocrx_word' id='word_1_143' title='bbox 89 1127 290 1170; x_wconf 83' lang='lat' dir='ltr'>existent?</span> <span class='ocrx_word' id='word_1_144' title='bbox 336 1131 658 1182; x_wconf 84' lang='lat' dir='ltr'>octingentorum</span> <span class='ocrx_word' id='word_1_145' title='bbox 697 1142 892 1169; x_wconf 87' lang='lat' dir='ltr'>annorum</span> <span class='ocrx_word' id='word_1_146' title='bbox 931 1129 1089 1168; x_wconf 84' lang='lat' dir='ltr'>fortuna</span> <span class='ocrx_word' id='word_1_147' title='bbox 1136 1127 1424 1179; x_wconf 84' lang='lat' dir='ltr'>disciplinaque</span> <span class='ocrx_word' id='word_1_148' title='bbox 1464 1139 1674 1179; x_wconf 84' lang='lat' dir='ltr'>compages</span> 
     </span>
     <span class='ocr_line' id='line_1_19' title="bbox 90 1187 1675 1242; baseline -0.002 -14"><span class='ocrx_word' id='word_1_149' title='bbox 90 1190 187 1230; x_wconf 90' lang='lat' dir='ltr'>haec</span> <span class='ocrx_word' id='word_1_150' title='bbox 220 1189 388 1242; x_wconf 80' lang='lat' dir='ltr'>coaluit,</span> <span class='ocrx_word' id='word_1_151' title='bbox 435 1202 534 1242; x_wconf 87' lang='lat' dir='ltr'>quae</span> <span class='ocrx_word' id='word_1_152' title='bbox 568 1189 735 1229; x_wconf 79' lang='lat' dir='ltr'>convelli</span> <span class='ocrx_word' id='word_1_153' title='bbox 775 1191 859 1229; x_wconf 89' lang='lat' dir='ltr'>sine</span> <span class='ocrx_word' id='word_1_154' title='bbox 901 1190 1020 1227; x_wconf 85' lang='lat' dir='ltr'>exitio</span> <span class='ocrx_word' id='word_1_155' title='bbox 1061 1187 1368 1227; x_wconf 74' lang='lat' dir='ltr'>convellentium</span> <span class='ocrx_word' id='word_1_156' title='bbox 1409 1200 1486 1226; x_wconf 85' lang='lat' dir='ltr'>non</span> <span class='ocrx_word' id='word_1_157' title='bbox 1526 1193 1675 1239; x_wconf 83' lang='lat' dir='ltr'>potest,</span> 
     </span>
    </p>
   </div>
   <div class='ocr_carea' id='block_1_8' title="bbox 89 1352 853 2975">
    <p class='ocr_par' dir='ltr' id='par_1_8' title="bbox 89 1352 844 1446">
     <span class='ocr_line' id='line_1_20' title="bbox 141 1352 844 1398; baseline -0.004 -9"><span class='ocrx_word' id='word_1_158' title='bbox 141 1353 202 1389; x_wconf 77' lang='lat'>74.</span> <span class='ocrx_word' id='word_1_159' title='bbox 220 1356 250 1388; x_wconf 91' lang='lat'>1.</span> <span class='ocrx_word' id='word_1_160' title='bbox 265 1364 418 1398; x_wconf 58' lang='lat' dir='ltr'>reginum</span> <span class='ocrx_word' id='word_1_161' title='bbox 436 1352 669 1398; x_wconf 65' lang='lat' dir='ltr'>³k6nigliche</span> <span class='ocrx_word' id='word_1_162' title='bbox 685 1352 844 1396; x_wconf 72' lang='lat' dir='ltr'>Gewalt,</span> 
     </span>
     <span class='ocr_line' id='line_1_21' title="bbox 89 1399 302 1446; baseline -0.005 -10"><span class='ocrx_word' id='word_1_163' title='bbox 89 1399 302 1446; x_wconf 79' lang='lat' dir='ltr'>Despotie’.</span> 
     </span>
    </p>

    <p class='ocr_par' dir='ltr' id='par_1_9' title="bbox 89 1447 845 1772">
     <span class='ocr_line' id='line_1_22' title="bbox 137 1447 842 1494; baseline -0.003 -10"><span class='ocrx_word' id='word_1_164' title='bbox 137 1449 250 1485; x_wconf 85' lang='lat' dir='ltr'>donec</span> <span class='ocrx_word' id='word_1_165' title='bbox 270 1449 312 1483; x_wconf 90' lang='lat' dir='ltr'>in</span> <span class='ocrx_word' id='word_1_166' title='bbox 331 1451 497 1484; x_wconf 88' lang='lat' dir='ltr'>nostrum</span> <span class='ocrx_word' id='word_1_167' title='bbox 516 1448 576 1483; x_wconf 87' lang='lat' dir='ltr'>ius</span> <span class='ocrx_word' id='word_1_168' title='bbox 590 1447 842 1494; x_wconf 82' lang='lat' dir='ltr'>concederetis]</span> 
     </span>
     <span class='ocr_line' id='line_1_23' title="bbox 91 1495 845 1532; baseline -0.003 0"><span class='ocrx_word' id='word_1_169' title='bbox 91 1496 164 1532; x_wconf 82' lang='lat' dir='ltr'>‘bis</span> <span class='ocrx_word' id='word_1_170' title='bbox 195 1495 256 1531; x_wconf 87' lang='lat' dir='ltr'>ihr</span> <span class='ocrx_word' id='word_1_171' title='bbox 287 1495 326 1531; x_wconf 87' lang='lat' dir='ltr'>in</span> <span class='ocrx_word' id='word_1_172' title='bbox 355 1507 514 1531; x_wconf 84' lang='lat' dir='ltr'>unseren</span> <span class='ocrx_word' id='word_1_173' title='bbox 545 1495 845 1531; x_wconf 73' lang='lat' dir='ltr'>Rechtszustand</span> 
     </span>
     <span class='ocr_line' id='line_1_24' title="bbox 89 1543 845 1587; baseline -0.003 -7"><span class='ocrx_word' id='word_1_174' title='bbox 89 1544 298 1587; x_wconf 66' lang='lat' dir='ltr'>eiutra&#39;ceh&#39;,</span> <span class='ocrx_word' id='word_1_175' title='bbox 325 1544 376 1578; x_wconf 74' lang='lat' dir='ltr'>ist</span> <span class='ocrx_word' id='word_1_176' title='bbox 400 1543 461 1578; x_wconf 74' lang='lat' dir='ltr'>fiir</span> <span class='ocrx_word' id='word_1_177' title='bbox 484 1544 597 1579; x_wconf 88' lang='lat' dir='ltr'>donee</span> <span class='ocrx_word' id='word_1_178' title='bbox 623 1544 663 1578; x_wconf 91' lang='lat' dir='ltr'>in</span> <span class='ocrx_word' id='word_1_179' title='bbox 682 1547 845 1579; x_wconf 83' lang='lat' dir='ltr'>nostram</span> 
     </span>
     <span class='ocr_line' id='line_1_25' title="bbox 89 1591 845 1637; baseline -0.003 -10"><span class='ocrx_word' id='word_1_180' title='bbox 89 1592 268 1628; x_wconf 88' lang='lat' dir='ltr'>dicionem</span> <span class='ocrx_word' id='word_1_181' title='bbox 289 1592 528 1627; x_wconf 74' lang='lat' dir='ltr'>concederetis</span> <span class='ocrx_word' id='word_1_182' title='bbox 547 1593 681 1637; x_wconf 75' lang='lat' dir='ltr'>gesagt</span> <span class='ocrx_word' id='word_1_183' title='bbox 702 1591 754 1625; x_wconf 87' lang='lat' dir='ltr'>im</span> <span class='ocrx_word' id='word_1_184' title='bbox 775 1591 845 1626; x_wconf 89' lang='lat' dir='ltr'>Ge-</span> 
     </span>
     <span class='ocr_line' id='line_1_26' title="bbox 90 1639 844 1685; baseline -0.001 -10"><span class='ocrx_word' id='word_1_185' title='bbox 90 1641 244 1685; x_wconf 75' lang='lat' dir='ltr'>gensatz</span> <span class='ocrx_word' id='word_1_186' title='bbox 260 1651 303 1674; x_wconf 88' lang='lat' dir='ltr'>zu</span> <span class='ocrx_word' id='word_1_187' title='bbox 317 1650 430 1685; x_wconf 74' lang='lat' dir='ltr'>reyna</span> <span class='ocrx_word' id='word_1_188' title='bbox 445 1640 616 1685; x_wconf 75' lang='lat' dir='ltr'>bellaque.</span> <span class='ocrx_word' id='word_1_189' title='bbox 652 1639 736 1685; x_wconf 86' lang='lat' dir='ltr'>Vgl.</span> <span class='ocrx_word' id='word_1_190' title='bbox 754 1639 844 1675; x_wconf 85' lang='lat' dir='ltr'>Sall.</span> 
     </span>
     <span class='ocr_line' id='line_1_27' title="bbox 91 1687 845 1733; baseline -0.001 -10"><span class='ocrx_word' id='word_1_191' title='bbox 91 1687 171 1723; x_wconf 72' lang='lat' dir='ltr'>Cat.</span> <span class='ocrx_word' id='word_1_192' title='bbox 208 1692 253 1722; x_wconf 98' lang='grc'>20</span> <span class='ocrx_word' id='word_1_193' title='bbox 280 1691 478 1733; x_wconf 75' lang='lat' dir='ltr'>postquam</span> <span class='ocrx_word' id='word_1_194' title='bbox 502 1688 544 1722; x_wconf 88' lang='lat' dir='ltr'>in</span> <span class='ocrx_word' id='word_1_195' title='bbox 569 1688 628 1723; x_wconf 88' lang='lat' dir='ltr'>ius</span> <span class='ocrx_word' id='word_1_196' title='bbox 654 1690 762 1733; x_wconf 77' lang='lat' dir='ltr'>atque</span> <span class='ocrx_word' id='word_1_197' title='bbox 787 1688 845 1723; x_wconf 70' lang='lat' dir='ltr'>di-</span> 
     </span>
     <span class='ocr_line' id='line_1_28' title="bbox 90 1736 436 1772; baseline -0.006 0"><span class='ocrx_word' id='word_1_198' title='bbox 90 1737 227 1772; x_wconf 89' lang='lat' dir='ltr'>cionem</span> <span class='ocrx_word' id='word_1_199' title='bbox 253 1736 436 1771; x_wconf 77' lang='lat' dir='ltr'>concessit.</span> 
     </span>
    </p>

    <p class='ocr_par' dir='ltr' id='par_1_10' title="bbox 138 1782 796 1830">
     <span class='ocr_line' id='line_1_29' title="bbox 138 1782 796 1830; baseline -0.002 -12"><span class='ocrx_word' id='word_1_200' title='bbox 138 1787 170 1818; x_wconf 82' lang='lat'>2.</span> <span class='ocrx_word' id='word_1_201' title='bbox 197 1783 435 1830; x_wconf 77' lang='lat' dir='ltr'>quamquam]</span> <span class='ocrx_word' id='word_1_202' title='bbox 464 1795 491 1818; x_wconf 82' lang='lat' dir='ltr'>s.</span> <span class='ocrx_word' id='word_1_203' title='bbox 517 1795 562 1818; x_wconf 89' lang='lat' dir='ltr'>zu</span> <span class='ocrx_word' id='word_1_204' title='bbox 588 1782 652 1827; x_wconf 94' lang='grc' dir='ltr'>ΙΙΙ,</span> <span class='ocrx_word' id='word_1_205' title='bbox 678 1786 712 1827; x_wconf 97' lang='grc'>2,</span> <span class='ocrx_word' id='word_1_206' title='bbox 741 1787 796 1818; x_wconf 89' lang='lat'>18.</span> 
     </span>
    </p>

    <p class='ocr_par' dir='ltr' id='par_1_11' title="bbox 89 1830 844 1924">
     <span class='ocr_line' id='line_1_30' title="bbox 138 1830 844 1878; baseline -0.003 -12"><span class='ocrx_word' id='word_1_207' title='bbox 138 1835 170 1866; x_wconf 91' lang='lat'>3.</span> <span class='ocrx_word' id='word_1_208' title='bbox 198 1832 238 1867; x_wconf 86' lang='lat' dir='ltr'>id</span> <span class='ocrx_word' id='word_1_209' title='bbox 267 1830 400 1878; x_wconf 82' lang='lat' dir='ltr'>solum]</span> <span class='ocrx_word' id='word_1_210' title='bbox 433 1831 517 1865; x_wconf 86' lang='lat' dir='ltr'>‘nur</span> <span class='ocrx_word' id='word_1_211' title='bbox 544 1842 584 1867; x_wconf 87' lang='lat' dir='ltr'>so</span> <span class='ocrx_word' id='word_1_212' title='bbox 610 1831 715 1876; x_wconf 88' lang='lat' dir='ltr'>viel&#39;,</span> <span class='ocrx_word' id='word_1_213' title='bbox 740 1835 844 1866; x_wconf 74' lang='lat' dir='ltr'>n&#39;am-</span> 
     </span>
     <span class='ocr_line' id='line_1_31' title="bbox 89 1878 386 1924; baseline 0 -10"><span class='ocrx_word' id='word_1_214' title='bbox 89 1878 166 1915; x_wconf 88' lang='lat' dir='ltr'>lich</span> <span class='ocrx_word' id='word_1_215' title='bbox 193 1879 386 1924; x_wconf 87' lang='lat' dir='ltr'>Abgaben.</span> 
     </span>
    </p>

    <p class='ocr_par' dir='ltr' id='par_1_12' title="bbox 140 1925 790 1973">
     <span class='ocr_line' id='line_1_32' title="bbox 140 1925 790 1973; baseline -0.005 -10"><span class='ocrx_word' id='word_1_216' title='bbox 140 1927 371 1973; x_wconf 78' lang='lat' dir='ltr'>addidimus]</span> <span class='ocrx_word' id='word_1_217' title='bbox 401 1925 547 1962; x_wconf 74' lang='lat' dir='ltr'>‘haben</span> <span class='ocrx_word' id='word_1_218' title='bbox 573 1925 790 1971; x_wconf 71' lang='lat' dir='ltr'>auferlegt’.</span> 
     </span>
    </p>

    <p class='ocr_par' dir='ltr' id='par_1_13' title="bbox 138 1973 764 2020">
     <span class='ocr_line' id='line_1_33' title="bbox 138 1973 764 2020; baseline -0.003 -10"><span class='ocrx_word' id='word_1_219' title='bbox 138 1978 171 2009; x_wconf 85' lang='lat'>4.</span> <span class='ocrx_word' id='word_1_220' title='bbox 198 1975 277 2010; x_wconf 81' lang='lat' dir='ltr'>sine</span> <span class='ocrx_word' id='word_1_221' title='bbox 303 1973 432 2020; x_wconf 86' lang='lat' dir='ltr'>armis]</span> <span class='ocrx_word' id='word_1_222' title='bbox 462 1985 489 2008; x_wconf 79' lang='lat' dir='ltr'>S.</span> <span class='ocrx_word' id='word_1_223' title='bbox 518 1986 562 2008; x_wconf 90' lang='lat' dir='ltr'>zu</span> <span class='ocrx_word' id='word_1_224' title='bbox 590 1985 619 2009; x_wconf 86' lang='lat' dir='ltr'>e.</span> <span class='ocrx_word' id='word_1_225' title='bbox 647 1977 703 2018; x_wconf 92' lang='grc'>20,</span> <span class='ocrx_word' id='word_1_226' title='bbox 732 1977 764 2008; x_wconf 83' lang='grc'>5.</span> 
     </span>
    </p>

    <p class='ocr_par' dir='ltr' id='par_1_14' title="bbox 90 2020 847 2114">
     <span class='ocr_line' id='line_1_34' title="bbox 141 2020 847 2058; baseline -0.003 0"><span class='ocrx_word' id='word_1_227' title='bbox 141 2026 173 2057; x_wconf 87' lang='grc'>5.</span> <span class='ocrx_word' id='word_1_228' title='bbox 200 2023 330 2058; x_wconf 76' lang='lat' dir='ltr'>habere</span> <span class='ocrx_word' id='word_1_229' title='bbox 357 2020 545 2057; x_wconf 78' lang='lat' dir='ltr'>‘aufrecht</span> <span class='ocrx_word' id='word_1_230' title='bbox 571 2021 770 2057; x_wconf 78' lang='lat' dir='ltr'>erhalten’.</span> <span class='ocrx_word' id='word_1_231' title='bbox 812 2021 847 2056; x_wconf 92' lang='lat' dir='ltr'>S.</span> 
     </span>
     <span class='ocr_line' id='line_1_35' title="bbox 90 2073 358 2114; baseline -0.007 -8"><span class='ocrx_word' id='word_1_232' title='bbox 90 2082 134 2106; x_wconf 89' lang='lat' dir='ltr'>zu</span> <span class='ocrx_word' id='word_1_233' title='bbox 160 2082 189 2106; x_wconf 79' lang='grc' dir='ltr'>ο.</span> <span class='ocrx_word' id='word_1_234' title='bbox 220 2074 275 2114; x_wconf 84' lang='lat'>14,</span> <span class='ocrx_word' id='word_1_235' title='bbox 305 2073 358 2104; x_wconf 82' lang='lat'>12.</span> 
     </span>
    </p>

    <p class='ocr_par' dir='ltr' id='par_1_15' title="bbox 89 2116 850 2450">
     <span class='ocr_line' id='line_1_36' title="bbox 138 2116 850 2163; baseline -0.006 -9"><span class='ocrx_word' id='word_1_236' title='bbox 138 2120 179 2154; x_wconf 88' lang='lat' dir='ltr'>in</span> <span class='ocrx_word' id='word_1_237' title='bbox 205 2118 390 2154; x_wconf 86' lang='lat' dir='ltr'>communi</span> <span class='ocrx_word' id='word_1_238' title='bbox 414 2118 487 2153; x_wconf 85' lang='lat' dir='ltr'>sita</span> <span class='ocrx_word' id='word_1_239' title='bbox 512 2117 615 2163; x_wconf 85' lang='lat' dir='ltr'>sunt]</span> <span class='ocrx_word' id='word_1_240' title='bbox 644 2116 678 2151; x_wconf 91' lang='lat' dir='ltr'>d.</span> <span class='ocrx_word' id='word_1_241' title='bbox 698 2116 722 2151; x_wconf 92' lang='lat' dir='ltr'>i</span> <span class='ocrx_word' id='word_1_242' title='bbox 744 2116 850 2153; x_wconf 82' lang='lat' dir='ltr'>vobis</span> 
     </span>
     <span class='ocr_line' id='line_1_37' title="bbox 89 2164 848 2208; baseline -0.005 -6"><span class='ocrx_word' id='word_1_243' title='bbox 89 2165 285 2202; x_wconf 84' lang='lat' dir='ltr'>nobiscnm</span> <span class='ocrx_word' id='word_1_244' title='bbox 303 2165 516 2201; x_wconf 83' lang='lat' dir='ltr'>communia</span> <span class='ocrx_word' id='word_1_245' title='bbox 531 2166 627 2200; x_wconf 75' lang='lat' dir='ltr'>sunt.</span> <span class='ocrx_word' id='word_1_246' title='bbox 643 2166 686 2199; x_wconf 92' lang='lat' dir='ltr'>A.</span> <span class='ocrx_word' id='word_1_247' title='bbox 696 2164 795 2208; x_wconf 89' lang='lat' dir='ltr'>XIII,</span> <span class='ocrx_word' id='word_1_248' title='bbox 805 2168 848 2199; x_wconf 84' lang='grc'>27</span> 
     </span>
     <span class='ocr_line' id='line_1_38' title="bbox 91 2213 848 2267; baseline -0.004 -17"><span class='ocrx_word' id='word_1_249' title='bbox 91 2215 247 2250; x_wconf 87' lang='lat' dir='ltr'>maiores</span> <span class='ocrx_word' id='word_1_250' title='bbox 273 2214 474 2249; x_wconf 82' lang='lat' dir='ltr'>libertatem</span> <span class='ocrx_word' id='word_1_251' title='bbox 500 2213 542 2247; x_wconf 92' lang='lat' dir='ltr'>in</span> <span class='ocrx_word' id='word_1_252' title='bbox 568 2213 752 2248; x_wconf 87' lang='lat' dir='ltr'>communi</span> <span class='ocrx_word' id='word_1_253' title='bbox 779 2223 848 2267; x_wconf 84' lang='lat' dir='ltr'>po-</span> 
     </span>
     <span class='ocr_line' id='line_1_39' title="bbox 91 2254 850 2298; baseline -0.004 0"><span class='ocrx_word' id='word_1_254' title='bbox 91 2263 214 2298; x_wconf 87' lang='lat' dir='ltr'>suisse.</span> <span class='ocrx_word' id='word_1_255' title='bbox 266 2254 366 2297; x_wconf 89' lang='lat' dir='ltr'>Uber</span> <span class='ocrx_word' id='word_1_256' title='bbox 392 2261 464 2296; x_wconf 91' lang='lat' dir='ltr'>den</span> <span class='ocrx_word' id='word_1_257' title='bbox 490 2260 687 2296; x_wconf 83' lang='lat' dir='ltr'>Gebrauch</span> <span class='ocrx_word' id='word_1_258' title='bbox 713 2271 788 2296; x_wconf 81' lang='lat' dir='ltr'>von</span> <span class='ocrx_word' id='word_1_259' title='bbox 807 2261 850 2295; x_wconf 88' lang='lat' dir='ltr'>in</span> 
     </span>
     <span class='ocr_line' id='line_1_40' title="bbox 91 2308 848 2345; baseline -0.003 0"><span class='ocrx_word' id='word_1_260' title='bbox 91 2310 162 2345; x_wconf 75' lang='lat' dir='ltr'>mit</span> <span class='ocrx_word' id='word_1_261' title='bbox 193 2310 278 2345; x_wconf 88' lang='lat' dir='ltr'>dem</span> <span class='ocrx_word' id='word_1_262' title='bbox 312 2309 396 2344; x_wconf 89' lang='lat' dir='ltr'>Abl.</span> <span class='ocrx_word' id='word_1_263' title='bbox 431 2308 496 2344; x_wconf 84' lang='lat' dir='ltr'>des</span> <span class='ocrx_word' id='word_1_264' title='bbox 529 2308 715 2343; x_wconf 73' lang='lat' dir='ltr'>Neutrum</span> <span class='ocrx_word' id='word_1_265' title='bbox 755 2309 848 2343; x_wconf 56' lang='lat' dir='ltr'>stati</span> 
     </span>
     <span class='ocr_line' id='line_1_41' title="bbox 92 2355 849 2402; baseline -0.005 -8"><span class='ocrx_word' id='word_1_266' title='bbox 92 2358 195 2394; x_wconf 86' lang='lat' dir='ltr'>eines</span> <span class='ocrx_word' id='word_1_267' title='bbox 228 2356 493 2402; x_wconf 69' lang='lat' dir='ltr'>pradikativen</span> <span class='ocrx_word' id='word_1_268' title='bbox 525 2355 633 2391; x_wconf 88' lang='lat' dir='ltr'>Nom.</span> <span class='ocrx_word' id='word_1_269' title='bbox 669 2369 695 2391; x_wconf 89' lang='lat' dir='ltr'>s.</span> <span class='ocrx_word' id='word_1_270' title='bbox 725 2369 771 2390; x_wconf 86' lang='lat' dir='ltr'>zu</span> <span class='ocrx_word' id='word_1_271' title='bbox 803 2356 849 2401; x_wconf 90' lang='grc' dir='ltr'>ΙΙ,</span> 
     </span>
     <span class='ocr_line' id='line_1_42' title="bbox 92 2403 728 2450; baseline -0.005 -9"><span class='ocrx_word' id='word_1_272' title='bbox 92 2409 151 2450; x_wconf 87' lang='lat'>45,</span> <span class='ocrx_word' id='word_1_273' title='bbox 181 2409 234 2440; x_wconf 82' lang='lat'>12.</span> <span class='ocrx_word' id='word_1_274' title='bbox 287 2404 465 2450; x_wconf 80' lang='lat' dir='ltr'>Draeger,</span> <span class='ocrx_word' id='word_1_275' title='bbox 494 2403 597 2449; x_wconf 71' lang='lat' dir='ltr'>Synt.</span> <span class='ocrx_word' id='word_1_276' title='bbox 626 2408 644 2447; x_wconf 66' lang='grc' dir='ltr'>ξ</span> <span class='ocrx_word' id='word_1_277' title='bbox 673 2407 728 2438; x_wconf 89' lang='grc'>80.</span> 
     </span>
    </p>

    <p class='ocr_par' dir='ltr' id='par_1_16' title="bbox 93 2450 852 2537">
     <span class='ocr_line' id='line_1_43' title="bbox 140 2450 852 2499; baseline -0.004 -10"><span class='ocrx_word' id='word_1_278' title='bbox 140 2453 230 2499; x_wconf 82' lang='lat' dir='ltr'>ipsi]</span> <span class='ocrx_word' id='word_1_279' title='bbox 257 2454 459 2498; x_wconf 76' lang='lat' dir='ltr'>postquam</span> <span class='ocrx_word' id='word_1_280' title='bbox 493 2450 648 2487; x_wconf 75' lang='lat' dir='ltr'>civitate</span> <span class='ocrx_word' id='word_1_281' title='bbox 680 2451 852 2487; x_wconf 85' lang='lat' dir='ltr'>Romana</span> 
     </span>
     <span class='ocr_line' id='line_1_44' title="bbox 93 2500 351 2537; baseline -0.012 0"><span class='ocrx_word' id='word_1_282' title='bbox 93 2501 224 2537; x_wconf 73' lang='lat' dir='ltr'>donati</span> <span class='ocrx_word' id='word_1_283' title='bbox 250 2500 351 2535; x_wconf 78' lang='lat' dir='ltr'>estis.</span> 
     </span>
    </p>

    <p class='ocr_par' dir='ltr' id='par_1_17' title="bbox 95 2546 853 2632">
     <span class='ocr_line' id='line_1_45' title="bbox 143 2546 853 2594; baseline -0.006 -10"><span class='ocrx_word' id='word_1_284' title='bbox 143 2553 174 2584; x_wconf 87' lang='grc'>6.</span> <span class='ocrx_word' id='word_1_285' title='bbox 205 2547 435 2594; x_wconf 79' lang='lat' dir='ltr'>plerumque]</span> <span class='ocrx_word' id='word_1_286' title='bbox 466 2546 588 2582; x_wconf 68' lang='lat' dir='ltr'>‘nicht</span> <span class='ocrx_word' id='word_1_287' title='bbox 608 2547 739 2591; x_wconf 74' lang='lat' dir='ltr'>seiten,</span> <span class='ocrx_word' id='word_1_288' title='bbox 768 2546 853 2581; x_wconf 82' lang='lat' dir='ltr'>sehr</span> 
     </span>
     <span class='ocr_line' id='line_1_46' title="bbox 95 2594 536 2640; baseline -0.007 -8"><span class='ocrx_word' id='word_1_289' title='bbox 95 2596 178 2640; x_wconf 75' lang='lat' dir='ltr'>oft’3</span> <span class='ocrx_word' id='word_1_290' title='bbox 206 2608 231 2631; x_wconf 85' lang='lat' dir='ltr'>s.</span> <span class='ocrx_word' id='word_1_291' title='bbox 260 2607 304 2630; x_wconf 89' lang='lat' dir='ltr'>zu</span> <span class='ocrx_word' id='word_1_292' title='bbox 328 2594 392 2640; x_wconf 85' lang='lat'>111,</span> <span class='ocrx_word' id='word_1_293' title='bbox 421 2598 486 2639; x_wconf 83' lang='lat'>85,</span> <span class='ocrx_word' id='word_1_294' title='bbox 505 2598 536 2629; x_wconf 92' lang='grc'>2.</span> 
     </span>
    </p>

    <p class='ocr_par' dir='ltr' id='par_1_18' title="bbox 93 2640 851 2775">
     <span class='ocr_line' id='line_1_47' title="bbox 135 2640 851 2697; baseline -0.007 -16"><span class='ocrx_word' id='word_1_295' title='bbox 135 2644 358 2697; x_wconf 79' lang='lat' dir='ltr'>provincias</span> <span class='ocrx_word' id='word_1_296' title='bbox 397 2642 540 2689; x_wconf 73' lang='lat' dir='ltr'>reyitis]</span> <span class='ocrx_word' id='word_1_297' title='bbox 591 2640 697 2676; x_wconf 73' lang='lat' dir='ltr'>velut</span> <span class='ocrx_word' id='word_1_298' title='bbox 735 2641 851 2676; x_wconf 89' lang='lat' dir='ltr'>Iulius</span> 
     </span>
     <span class='ocr_line' id='line_1_48' title="bbox 93 2688 851 2736; baseline -0.004 -9"><span class='ocrx_word' id='word_1_299' title='bbox 93 2691 259 2735; x_wconf 85' lang='lat' dir='ltr'>Vindex,</span> <span class='ocrx_word' id='word_1_300' title='bbox 297 2690 360 2735; x_wconf 89' lang='lat' dir='ltr'>qui</span> <span class='ocrx_word' id='word_1_301' title='bbox 386 2701 459 2736; x_wconf 85' lang='lat' dir='ltr'>pro</span> <span class='ocrx_word' id='word_1_302' title='bbox 487 2692 660 2735; x_wconf 78' lang='lat' dir='ltr'>praetore</span> <span class='ocrx_word' id='word_1_303' title='bbox 687 2688 851 2724; x_wconf 82' lang='lat' dir='ltr'>Galliam</span> 
     </span>
     <span class='ocr_line' id='line_1_49' title="bbox 95 2738 386 2775; baseline -0.011 0"><span class='ocrx_word' id='word_1_304' title='bbox 95 2738 386 2775; x_wconf 70' lang='lat' dir='ltr'>administravit.</span> 
     </span>
    </p>

    <p class='ocr_par' dir='ltr' id='par_1_19' title="bbox 145 2784 652 2831">
     <span class='ocr_line' id='line_1_50' title="bbox 145 2784 652 2831; baseline -0.006 -9"><span class='ocrx_word' id='word_1_305' title='bbox 145 2791 175 2822; x_wconf 93' lang='lat'>7.</span> <span class='ocrx_word' id='word_1_306' title='bbox 205 2787 381 2822; x_wconf 81' lang='lat' dir='ltr'>laudatus</span> <span class='ocrx_word' id='word_1_307' title='bbox 409 2784 638 2831; x_wconf 85' lang='lat' dir='ltr'>‘gepriesen&#39;</span> <span class='ocrx_word' id='word_1_308' title='bbox 644 2812 652 2819; x_wconf 97' lang='lat'>.</span> 
     </span>
    </p>

    <p class='ocr_par' dir='ltr' id='par_1_20' title="bbox 96 2832 852 2963">
     <span class='ocr_line' id='line_1_51' title="bbox 144 2832 852 2879; baseline -0.003 -10"><span class='ocrx_word' id='word_1_309' title='bbox 144 2838 176 2869; x_wconf 86' lang='lat'>8.</span> <span class='ocrx_word' id='word_1_310' title='bbox 215 2845 259 2869; x_wconf 77' lang='lat' dir='ltr'>ex</span> <span class='ocrx_word' id='word_1_311' title='bbox 300 2833 429 2879; x_wconf 76' lang='lat' dir='ltr'>aequo]</span> <span class='ocrx_word' id='word_1_312' title='bbox 478 2832 641 2867; x_wconf 76' lang='lat' dir='ltr'>‘kommt</span> <span class='ocrx_word' id='word_1_313' title='bbox 679 2832 774 2868; x_wconf 87' lang='lat' dir='ltr'>euch</span> <span class='ocrx_word' id='word_1_314' title='bbox 813 2833 852 2868; x_wconf 88' lang='lat' dir='ltr'>in</span> 
     </span>
     <span class='ocr_line' id='line_1_52' title="bbox 96 2880 851 2963; baseline -0.003 -46"><span class='ocrx_word' id='word_1_315' title='bbox 96 2882 283 2963; x_wconf 72' lang='lat' dir='ltr'>IgIleichem</span> <span class='ocrx_word' id='word_1_316' title='bbox 315 2880 435 2916; x_wconf 84' lang='lat' dir='ltr'>Masse</span> <span class='ocrx_word' id='word_1_317' title='bbox 474 2892 517 2915; x_wconf 82' lang='lat' dir='ltr'>zu</span> <span class='ocrx_word' id='word_1_318' title='bbox 556 2880 673 2925; x_wconf 51' lang='lat' dir='ltr'>gnte&amp;</span> <span class='ocrx_word' id='word_1_319' title='bbox 739 2880 774 2916; x_wconf 83' lang='lat' dir='ltr'>S.</span> <span class='ocrx_word' id='word_1_320' title='bbox 808 2893 851 2915; x_wconf 87' lang='lat' dir='ltr'>zu</span> 
     </span>
    </p>

    <p class='ocr_par' dir='ltr' id='par_1_21' title="bbox 132 2934 285 2975">
     <span class='ocr_line' id='line_1_53' title="bbox 132 2934 285 2975; baseline -0.007 -10"><span class='ocrx_word' id='word_1_321' title='bbox 132 2957 143 2974; x_wconf 85' lang='lat'>,</span> <span class='ocrx_word' id='word_1_322' title='bbox 170 2934 227 2975; x_wconf 77' lang='lat'>77,</span> <span class='ocrx_word' id='word_1_323' title='bbox 253 2934 285 2965; x_wconf 85' lang='lat'>9.</span> 
     </span>
    </p>
   </div>
   <div class='ocr_carea' id='block_1_9' title="bbox 919 1350 1682 2971">
    <p class='ocr_par' dir='ltr' id='par_1_22' title="bbox 919 1350 1676 1481">
     <span class='ocr_line' id='line_1_54' title="bbox 967 1350 1675 1397; baseline -0.003 -11"><span class='ocrx_word' id='word_1_324' title='bbox 967 1351 1175 1397; x_wconf 73' lang='lat' dir='ltr'>ayentibus]</span> <span class='ocrx_word' id='word_1_325' title='bbox 1215 1351 1275 1385; x_wconf 78' lang='lat' dir='ltr'>fiir</span> <span class='ocrx_word' id='word_1_326' title='bbox 1314 1351 1380 1385; x_wconf 84' lang='lat' dir='ltr'>das</span> <span class='ocrx_word' id='word_1_327' title='bbox 1419 1350 1504 1385; x_wconf 90' lang='lat' dir='ltr'>dem</span> <span class='ocrx_word' id='word_1_328' title='bbox 1542 1350 1675 1385; x_wconf 80' lang='lat' dir='ltr'>Latein</span> 
     </span>
     <span class='ocr_line' id='line_1_55' title="bbox 919 1398 1676 1481; baseline -0.001 -48"><span class='ocrx_word' id='word_1_329' title='bbox 919 1399 1116 1481; x_wconf 73' lang='lat' dir='ltr'>fehlende7</span> <span class='ocrx_word' id='word_1_330' title='bbox 1140 1398 1240 1433; x_wconf 75' lang='lat' dir='ltr'>Part.</span> <span class='ocrx_word' id='word_1_331' title='bbox 1286 1409 1361 1434; x_wconf 82' lang='lat' dir='ltr'>von</span> <span class='ocrx_word' id='word_1_332' title='bbox 1405 1409 1486 1433; x_wconf 87' lang='lat' dir='ltr'>esse.</span> <span class='ocrx_word' id='word_1_333' title='bbox 1558 1398 1593 1433; x_wconf 91' lang='lat' dir='ltr'>S.</span> <span class='ocrx_word' id='word_1_334' title='bbox 1632 1409 1676 1432; x_wconf 84' lang='lat' dir='ltr'>zu</span> 
     </span>
     <span class='ocr_line' id='line_1_56' title="bbox 919 1447 1068 1490; baseline 0 -9"><span class='ocrx_word' id='word_1_335' title='bbox 919 1447 981 1490; x_wconf 93' lang='grc' dir='ltr'>ΙΙΙ,</span> <span class='ocrx_word' id='word_1_336' title='bbox 1010 1451 1068 1490; x_wconf 88' lang='grc'>42,</span> 
     </span>
    </p>

    <p class='ocr_par' dir='ltr' id='par_1_23' title="bbox 919 1450 1679 1874">
     <span class='ocr_line' id='line_1_57' title="bbox 966 1450 1660 1540; baseline -0.006 -10"><span class='ocrx_word' id='word_1_337' title='bbox 966 1450 1138 1540; x_wconf 69' lang='lat' dir='ltr'>inyruere</span> <span class='ocrx_word' id='word_1_338' title='bbox 1205 1493 1406 1528; x_wconf 75' lang='lat' dir='ltr'>hei-fallen</span> <span class='ocrx_word' id='word_1_339' title='bbox 1463 1493 1555 1528; x_wconf 87' lang='lat' dir='ltr'>uber</span> <span class='ocrx_word' id='word_1_340' title='bbox 1600 1493 1660 1517; x_wconf 85' lang='lat'>——’</span> 
     </span>
     <span class='ocr_line' id='line_1_58' title="bbox 919 1522 1677 1586; baseline -0.001 -11"><span class='ocrx_word' id='word_1_341' title='bbox 919 1541 1037 1577; x_wconf 87' lang='lat' dir='ltr'>Einen</span> <span class='ocrx_word' id='word_1_342' title='bbox 1073 1541 1277 1577; x_wconf 80' lang='lat' dir='ltr'>&#39;ahnlichen</span> <span class='ocrx_word' id='word_1_343' title='bbox 1303 1540 1509 1576; x_wconf 83' lang='lat' dir='ltr'>Gedanken</span> <span class='ocrx_word' id='word_1_344' title='bbox 1535 1522 1677 1586; x_wconf 71' lang='lat' dir='ltr'>spricht,</span> 
     </span>
     <span class='ocr_line' id='line_1_59' title="bbox 921 1588 1678 1634; baseline -0.004 -9"><span class='ocrx_word' id='word_1_345' title='bbox 921 1589 1027 1625; x_wconf 86' lang='lat' dir='ltr'>Sulla</span> <span class='ocrx_word' id='word_1_346' title='bbox 1046 1589 1107 1624; x_wconf 92' lang='lat' dir='ltr'>bei</span> <span class='ocrx_word' id='word_1_347' title='bbox 1123 1589 1212 1624; x_wconf 82' lang='lat' dir='ltr'>Sall.</span> <span class='ocrx_word' id='word_1_348' title='bbox 1229 1590 1307 1634; x_wconf 86' lang='lat' dir='ltr'>Iug.</span> <span class='ocrx_word' id='word_1_349' title='bbox 1325 1592 1392 1623; x_wconf 94' lang='grc'>102</span> <span class='ocrx_word' id='word_1_350' title='bbox 1409 1588 1492 1623; x_wconf 90' lang='lat' dir='ltr'>dem</span> <span class='ocrx_word' id='word_1_351' title='bbox 1508 1588 1678 1624; x_wconf 88' lang='lat' dir='ltr'>Bocchus</span> 
     </span>
     <span class='ocr_line' id='line_1_60' title="bbox 919 1636 1679 1684; baseline -0.004 -11"><span class='ocrx_word' id='word_1_352' title='bbox 919 1637 1136 1684; x_wconf 83' lang='lat' dir='ltr'>gegenuber</span> <span class='ocrx_word' id='word_1_353' title='bbox 1181 1648 1269 1672; x_wconf 86' lang='lat' dir='ltr'>aus:</span> <span class='ocrx_word' id='word_1_354' title='bbox 1319 1637 1390 1671; x_wconf 86' lang='lat' dir='ltr'>tibi</span> <span class='ocrx_word' id='word_1_355' title='bbox 1438 1647 1521 1671; x_wconf 79' lang='lat' dir='ltr'>vero</span> <span class='ocrx_word' id='word_1_356' title='bbox 1571 1636 1679 1671; x_wconf 81' lang='lat' dir='ltr'>nulla</span> 
     </span>
     <span class='ocr_line' id='line_1_61' title="bbox 920 1685 1678 1731; baseline -0.003 -10"><span class='ocrx_word' id='word_1_357' title='bbox 920 1686 1164 1731; x_wconf 75' lang='lat' dir='ltr'>opportunior</span> <span class='ocrx_word' id='word_1_358' title='bbox 1200 1688 1329 1720; x_wconf 83' lang='lat' dir='ltr'>nostra</span> <span class='ocrx_word' id='word_1_359' title='bbox 1369 1685 1554 1727; x_wconf 88' lang='lat' dir='ltr'>amicitia,</span> <span class='ocrx_word' id='word_1_360' title='bbox 1595 1685 1678 1729; x_wconf 84' lang='lat' dir='ltr'>pri-</span> 
     </span>
     <span class='ocr_line' id='line_1_62' title="bbox 919 1733 1678 1788; baseline -0.003 -20"><span class='ocrx_word' id='word_1_361' title='bbox 919 1745 1017 1768; x_wconf 86' lang='lat' dir='ltr'>mum</span> <span class='ocrx_word' id='word_1_362' title='bbox 1042 1734 1139 1778; x_wconf 79' lang='lat' dir='ltr'>quod</span> <span class='ocrx_word' id='word_1_363' title='bbox 1153 1733 1293 1788; x_wconf 36' lang='lat' dir='ltr'>&#39;procul</span> <span class='ocrx_word' id='word_1_364' title='bbox 1319 1733 1513 1776; x_wconf 81' lang='lat' dir='ltr'>absumus,</span> <span class='ocrx_word' id='word_1_365' title='bbox 1541 1733 1582 1767; x_wconf 85' lang='lat' dir='ltr'>in</span> <span class='ocrx_word' id='word_1_366' title='bbox 1607 1741 1678 1776; x_wconf 76' lang='lat' dir='ltr'>quo</span> 
     </span>
     <span class='ocr_line' id='line_1_63' title="bbox 920 1781 1678 1836; baseline -0.003 -19"><span class='ocrx_word' id='word_1_367' title='bbox 920 1782 1078 1836; x_wconf 78' lang='lat' dir='ltr'>offensae</span> <span class='ocrx_word' id='word_1_368' title='bbox 1109 1782 1332 1824; x_wconf 88' lang='lat' dir='ltr'>minumum,</span> <span class='ocrx_word' id='word_1_369' title='bbox 1366 1781 1492 1825; x_wconf 69' lang='lat' dir='ltr'>qratia</span> <span class='ocrx_word' id='word_1_370' title='bbox 1520 1791 1608 1825; x_wconf 85' lang='lat' dir='ltr'>par,</span> <span class='ocrx_word' id='word_1_371' title='bbox 1635 1790 1678 1815; x_wconf 84' lang='lat' dir='ltr'>ac</span> 
     </span>
     <span class='ocr_line' id='line_1_64' title="bbox 919 1829 1332 1874; baseline -0.005 -10"><span class='ocrx_word' id='word_1_372' title='bbox 919 1830 953 1864; x_wconf 88' lang='lat' dir='ltr'>si</span> <span class='ocrx_word' id='word_1_373' title='bbox 973 1839 1089 1874; x_wconf 90' lang='lat' dir='ltr'>prope</span> <span class='ocrx_word' id='word_1_374' title='bbox 1116 1829 1332 1863; x_wconf 79' lang='lat' dir='ltr'>adessemus.</span> 
     </span>
    </p>

    <p class='ocr_par' dir='ltr' id='par_1_24' title="bbox 968 1873 1678 1939">
     <span class='ocr_line' id='line_1_65' title="bbox 968 1873 1678 1939; baseline -0.003 -28"><span class='ocrx_word' id='word_1_375' title='bbox 968 1888 1038 1921; x_wconf 70' lang='lat' dir='ltr'>quo</span> <span class='ocrx_word' id='word_1_376' title='bbox 1059 1877 1190 1912; x_wconf 78' lang='lat' dir='ltr'>modo.</span> <span class='ocrx_word' id='word_1_377' title='bbox 1229 1904 1235 1910; x_wconf 96' lang='lat'>.</span> <span class='ocrx_word' id='word_1_378' title='bbox 1258 1876 1340 1939; x_wconf 62' lang='lat' dir='ltr'>ita]</span> <span class='ocrx_word' id='word_1_379' title='bbox 1352 1887 1376 1910; x_wconf 89' lang='lat' dir='ltr'>s.</span> <span class='ocrx_word' id='word_1_380' title='bbox 1394 1887 1437 1909; x_wconf 88' lang='lat' dir='ltr'>zu</span> <span class='ocrx_word' id='word_1_381' title='bbox 1457 1873 1521 1917; x_wconf 85' lang='grc' dir='ltr'>ΙΙΙ,</span> <span class='ocrx_word' id='word_1_382' title='bbox 1542 1878 1597 1918; x_wconf 82' lang='grc'>77,</span> <span class='ocrx_word' id='word_1_383' title='bbox 1620 1878 1678 1909; x_wconf 91' lang='grc'>22.</span> 
     </span>
    </p>

    <p class='ocr_par' dir='ltr' id='par_1_25' title="bbox 921 1903 1678 2017">
     <span class='ocr_line' id='line_1_66' title="bbox 971 1903 1678 1969; baseline -0.003 -10"><span class='ocrx_word' id='word_1_384' title='bbox 971 1928 1002 1960; x_wconf 89' lang='grc'>9.</span> <span class='ocrx_word' id='word_1_385' title='bbox 1042 1923 1287 1969; x_wconf 75' lang='lat' dir='ltr'>sterilitatem]</span> <span class='ocrx_word' id='word_1_386' title='bbox 1330 1903 1577 1958; x_wconf 78' lang='lat' dir='ltr'>Misswac’hs&#39;</span> <span class='ocrx_word' id='word_1_387' title='bbox 1607 1923 1678 1967; x_wconf 80' lang='lat' dir='ltr'>(in-</span> 
     </span>
     <span class='ocr_line' id='line_1_67' title="bbox 921 1971 1298 2017; baseline 0 -11"><span class='ocrx_word' id='word_1_388' title='bbox 921 1972 1023 2017; x_wconf 82' lang='lat' dir='ltr'>folge</span> <span class='ocrx_word' id='word_1_389' title='bbox 1051 1982 1123 2007; x_wconf 86' lang='lat' dir='ltr'>von</span> <span class='ocrx_word' id='word_1_390' title='bbox 1153 1971 1298 2016; x_wconf 82' lang='lat' dir='ltr'>Diirre).</span> 
     </span>
    </p>

    <p class='ocr_par' dir='ltr' id='par_1_26' title="bbox 923 2016 1679 2103">
     <span class='ocr_line' id='line_1_68' title="bbox 973 2016 1679 2065; baseline -0.001 -11"><span class='ocrx_word' id='word_1_391' title='bbox 973 2023 1026 2054; x_wconf 90' lang='lat'>11.</span> <span class='ocrx_word' id='word_1_392' title='bbox 1054 2019 1157 2065; x_wconf 79' lang='lat' dir='ltr'>haee]</span> <span class='ocrx_word' id='word_1_393' title='bbox 1184 2019 1218 2054; x_wconf 91' lang='lat' dir='ltr'>d.</span> <span class='ocrx_word' id='word_1_394' title='bbox 1243 2018 1267 2054; x_wconf 88' lang='lat' dir='ltr'>i.</span> <span class='ocrx_word' id='word_1_395' title='bbox 1294 2019 1402 2053; x_wconf 77' lang='lat' dir='ltr'>luxus</span> <span class='ocrx_word' id='word_1_396' title='bbox 1429 2018 1491 2054; x_wconf 86' lang='lat' dir='ltr'>vel</span> <span class='ocrx_word' id='word_1_397' title='bbox 1516 2016 1679 2053; x_wconf 77' lang='lat' dir='ltr'>avaritia</span> 
     </span>
     <span class='ocr_line' id='line_1_69' title="bbox 923 2067 1209 2103; baseline -0.011 0"><span class='ocrx_word' id='word_1_398' title='bbox 923 2067 1209 2103; x_wconf 76' lang='lat' dir='ltr'>dominantium.</span> 
     </span>
    </p>

    <p class='ocr_par' dir='ltr' id='par_1_27' title="bbox 924 2113 1680 2206">
     <span class='ocr_line' id='line_1_70' title="bbox 972 2113 1680 2160; baseline -0.003 -10"><span class='ocrx_word' id='word_1_399' title='bbox 972 2114 1196 2160; x_wconf 70' lang='lat' dir='ltr'>interventu]</span> <span class='ocrx_word' id='word_1_400' title='bbox 1277 2113 1412 2149; x_wconf 85' lang='lat' dir='ltr'>‘durch</span> <span class='ocrx_word' id='word_1_401' title='bbox 1481 2114 1546 2149; x_wconf 85' lang='lat' dir='ltr'>das</span> <span class='ocrx_word' id='word_1_402' title='bbox 1606 2113 1680 2148; x_wconf 82' lang='lat' dir='ltr'>Da-</span> 
     </span>
     <span class='ocr_line' id='line_1_71' title="bbox 924 2161 1653 2206; baseline -0.003 -8"><span class='ocrx_word' id='word_1_403' title='bbox 924 2162 1253 2205; x_wconf 73' lang='lat' dir='ltr'>zwischentreten,</span> <span class='ocrx_word' id='word_1_404' title='bbox 1281 2161 1340 2197; x_wconf 90' lang='lat' dir='ltr'>die</span> <span class='ocrx_word' id='word_1_405' title='bbox 1367 2161 1653 2206; x_wconf 74' lang='lat' dir='ltr'>Vermittlung&#39;.</span> 
     </span>
    </p>

    <p class='ocr_par' dir='ltr' id='par_1_28' title="bbox 969 2210 1533 2256">
     <span class='ocr_line' id='line_1_72' title="bbox 969 2210 1533 2256; baseline -0.004 -10"><span class='ocrx_word' id='word_1_406' title='bbox 969 2210 1192 2256; x_wconf 81' lang='lat' dir='ltr'>pensantur]</span> <span class='ocrx_word' id='word_1_407' title='bbox 1221 2222 1248 2245; x_wconf 87' lang='lat' dir='ltr'>s.</span> <span class='ocrx_word' id='word_1_408' title='bbox 1276 2221 1320 2244; x_wconf 89' lang='lat' dir='ltr'>zu</span> <span class='ocrx_word' id='word_1_409' title='bbox 1347 2221 1376 2244; x_wconf 86' lang='lat' dir='ltr'>c.</span> <span class='ocrx_word' id='word_1_410' title='bbox 1406 2213 1472 2255; x_wconf 85' lang='grc'>72,</span> <span class='ocrx_word' id='word_1_411' title='bbox 1500 2213 1533 2244; x_wconf 90' lang='grc'>8.</span> 
     </span>
    </p>

    <p class='ocr_par' dir='ltr' id='par_1_29' title="bbox 973 2256 1678 2303">
     <span class='ocr_line' id='line_1_73' title="bbox 973 2256 1678 2303; baseline -0.003 -9"><span class='ocrx_word' id='word_1_412' title='bbox 973 2263 1028 2294; x_wconf 87' lang='grc'>13.</span> <span class='ocrx_word' id='word_1_413' title='bbox 1039 2268 1180 2303; x_wconf 83' lang='lat' dir='ltr'>parare</span> <span class='ocrx_word' id='word_1_414' title='bbox 1194 2256 1678 2302; x_wconf 79' lang='lat' dir='ltr'>‘beschaffen‚aufstellen&#39;.</span> 
     </span>
    </p>

    <p class='ocr_par' dir='ltr' id='par_1_30' title="bbox 920 2304 1681 2582">
     <span class='ocr_line' id='line_1_74' title="bbox 974 2304 1680 2350; baseline -0.001 -10"><span class='ocrx_word' id='word_1_415' title='bbox 974 2309 1028 2341; x_wconf 88' lang='lat'>15.</span> <span class='ocrx_word' id='word_1_416' title='bbox 1045 2306 1137 2342; x_wconf 75' lang='lat' dir='ltr'>bella</span> <span class='ocrx_word' id='word_1_417' title='bbox 1159 2335 1165 2341; x_wconf 94' lang='lat'>.</span> <span class='ocrx_word' id='word_1_418' title='bbox 1183 2334 1212 2341; x_wconf 94' lang='lat'>..</span> <span class='ocrx_word' id='word_1_419' title='bbox 1234 2305 1402 2348; x_wconf 73' lang='lat' dir='ltr'>existent]</span> <span class='ocrx_word' id='word_1_420' title='bbox 1423 2305 1497 2350; x_wconf 87' lang='lat' dir='ltr'>vgl.</span> <span class='ocrx_word' id='word_1_421' title='bbox 1514 2304 1680 2339; x_wconf 83' lang='lat' dir='ltr'>Pseudo-</span> 
     </span>
     <span class='ocr_line' id='line_1_75' title="bbox 925 2352 1681 2399; baseline -0.003 -10"><span class='ocrx_word' id='word_1_422' title='bbox 925 2354 1005 2390; x_wconf 84' lang='lat' dir='ltr'>sall.</span> <span class='ocrx_word' id='word_1_423' title='bbox 1040 2365 1097 2399; x_wconf 91' lang='lat' dir='ltr'>ep.</span> <span class='ocrx_word' id='word_1_424' title='bbox 1125 2352 1174 2388; x_wconf 88' lang='lat' dir='ltr'>ad</span> <span class='ocrx_word' id='word_1_425' title='bbox 1200 2353 1301 2388; x_wconf 77' lang='lat' dir='ltr'>Caes.</span> <span class='ocrx_word' id='word_1_426' title='bbox 1329 2353 1382 2397; x_wconf 88' lang='grc' dir='ltr'>ΙΙ,</span> <span class='ocrx_word' id='word_1_427' title='bbox 1411 2357 1472 2396; x_wconf 87' lang='grc'>13,</span> <span class='ocrx_word' id='word_1_428' title='bbox 1500 2357 1520 2387; x_wconf 90' lang='grc'><strong>6</strong></span> <span class='ocrx_word' id='word_1_429' title='bbox 1547 2352 1681 2397; x_wconf 74' lang='lat' dir='ltr'>quippe</span> 
     </span>
     <span class='ocr_line' id='line_1_76' title="bbox 924 2401 1680 2445; baseline -0.004 -7"><span class='ocrx_word' id='word_1_430' title='bbox 924 2403 957 2438; x_wconf 83' lang='lat' dir='ltr'>si</span> <span class='ocrx_word' id='word_1_431' title='bbox 982 2402 1104 2437; x_wconf 84' lang='lat' dir='ltr'>morbo</span> <span class='ocrx_word' id='word_1_432' title='bbox 1130 2402 1206 2436; x_wconf 85' lang='lat' dir='ltr'>iam</span> <span class='ocrx_word' id='word_1_433' title='bbox 1225 2404 1292 2436; x_wconf 89' lang='lat' dir='ltr'>aut</span> <span class='ocrx_word' id='word_1_434' title='bbox 1316 2401 1394 2444; x_wconf 77' lang='lat' dir='ltr'>fato</span> <span class='ocrx_word' id='word_1_435' title='bbox 1414 2401 1500 2436; x_wconf 83' lang='lat' dir='ltr'>huie</span> <span class='ocrx_word' id='word_1_436' title='bbox 1525 2401 1680 2445; x_wconf 84' lang='lat' dir='ltr'>imperio</span> 
     </span>
     <span class='ocr_line' id='line_1_77' title="bbox 925 2448 1681 2493; baseline -0.004 -8"><span class='ocrx_word' id='word_1_437' title='bbox 925 2461 1025 2486; x_wconf 87' lang='lat' dir='ltr'>secus</span> <span class='ocrx_word' id='word_1_438' title='bbox 1051 2449 1208 2491; x_wconf 87' lang='lat' dir='ltr'>aecidat,</span> <span class='ocrx_word' id='word_1_439' title='bbox 1234 2449 1296 2484; x_wconf 88' lang='lat' dir='ltr'>cui</span> <span class='ocrx_word' id='word_1_440' title='bbox 1321 2450 1474 2484; x_wconf 83' lang='lat' dir='ltr'>dubium</span> <span class='ocrx_word' id='word_1_441' title='bbox 1501 2451 1563 2491; x_wconf 82' lang='lat' dir='ltr'>est,</span> <span class='ocrx_word' id='word_1_442' title='bbox 1589 2448 1681 2493; x_wconf 77' lang='lat' dir='ltr'>quin</span> 
     </span>
     <span class='ocr_line' id='line_1_78' title="bbox 920 2496 1681 2543; baseline -0.003 -10"><span class='ocrx_word' id='word_1_443' title='bbox 920 2509 989 2543; x_wconf 90' lang='lat' dir='ltr'>per</span> <span class='ocrx_word' id='word_1_444' title='bbox 1021 2498 1140 2532; x_wconf 79' lang='lat' dir='ltr'>orbem</span> <span class='ocrx_word' id='word_1_445' title='bbox 1176 2500 1359 2532; x_wconf 87' lang='lat' dir='ltr'>terrarum</span> <span class='ocrx_word' id='word_1_446' title='bbox 1396 2497 1552 2533; x_wconf 80' lang='lat' dir='ltr'>vastitas</span> <span class='ocrx_word' id='word_1_447' title='bbox 1587 2496 1681 2531; x_wconf 81' lang='lat' dir='ltr'>bella</span> 
     </span>
     <span class='ocr_line' id='line_1_79' title="bbox 926 2543 1274 2582; baseline -0.011 0"><span class='ocrx_word' id='word_1_448' title='bbox 926 2546 1051 2582; x_wconf 82' lang='lat' dir='ltr'>caedes</span> <span class='ocrx_word' id='word_1_449' title='bbox 1076 2543 1274 2580; x_wconf 76' lang='lat' dir='ltr'>oriantur?</span> 
     </span>
    </p>

    <p class='ocr_par' dir='ltr' id='par_1_31' title="bbox 926 2590 1680 2683">
     <span class='ocr_line' id='line_1_80' title="bbox 976 2590 1680 2638; baseline -0.004 -11"><span class='ocrx_word' id='word_1_450' title='bbox 976 2597 1030 2628; x_wconf 84' lang='grc'>16.</span> <span class='ocrx_word' id='word_1_451' title='bbox 1046 2592 1350 2638; x_wconf 72' lang='lat' dir='ltr'>oetinyentorum]</span> <span class='ocrx_word' id='word_1_452' title='bbox 1372 2592 1411 2627; x_wconf 92' lang='lat' dir='ltr'>in</span> <span class='ocrx_word' id='word_1_453' title='bbox 1425 2591 1561 2627; x_wconf 87' lang='lat' dir='ltr'>runder</span> <span class='ocrx_word' id='word_1_454' title='bbox 1577 2590 1680 2635; x_wconf 83' lang='lat' dir='ltr'>Zahl,</span> 
     </span>
     <span class='ocr_line' id='line_1_81' title="bbox 926 2641 1209 2683; baseline -0.011 -7"><span class='ocrx_word' id='word_1_455' title='bbox 926 2641 997 2676; x_wconf 87' lang='lat' dir='ltr'>wie</span> <span class='ocrx_word' id='word_1_456' title='bbox 1023 2652 1052 2675; x_wconf 89' lang='lat' dir='ltr'>c.</span> <span class='ocrx_word' id='word_1_457' title='bbox 1082 2643 1138 2683; x_wconf 80' lang='lat'>58,</span> <span class='ocrx_word' id='word_1_458' title='bbox 1166 2643 1209 2674; x_wconf 89' lang='lat'>31</span> 
     </span>
    </p>

    <p class='ocr_par' dir='ltr' id='par_1_32' title="bbox 925 2685 1682 2866">
     <span class='ocr_line' id='line_1_82' title="bbox 973 2685 1680 2733; baseline -0.006 -9"><span class='ocrx_word' id='word_1_459' title='bbox 973 2688 1173 2733; x_wconf 74' lang='lat' dir='ltr'>disciplina</span> <span class='ocrx_word' id='word_1_460' title='bbox 1226 2686 1577 2732; x_wconf 75' lang='lat' dir='ltr'>‘Staatsordnung&#39;‚</span> <span class='ocrx_word' id='word_1_461' title='bbox 1611 2685 1680 2720; x_wconf 87' lang='lat' dir='ltr'>wie</span> 
     </span>
     <span class='ocr_line' id='line_1_83' title="bbox 928 2734 1682 2777; baseline -0.004 -7"><span class='ocrx_word' id='word_1_462' title='bbox 928 2735 1002 2771; x_wconf 87' lang='lat' dir='ltr'>Cic.</span> <span class='ocrx_word' id='word_1_463' title='bbox 1043 2735 1088 2770; x_wconf 88' lang='lat' dir='ltr'>de</span> <span class='ocrx_word' id='word_1_464' title='bbox 1128 2735 1221 2770; x_wconf 75' lang='lat' dir='ltr'>orat.</span> <span class='ocrx_word' id='word_1_465' title='bbox 1252 2734 1269 2767; x_wconf 92' lang='lat' dir='ltr'>I</span> <span class='ocrx_word' id='word_1_466' title='bbox 1309 2738 1328 2777; x_wconf 63' lang='grc' dir='ltr'>ἓ</span> <span class='ocrx_word' id='word_1_467' title='bbox 1356 2739 1376 2769; x_wconf 88' lang='lat'><strong>3</strong></span> <span class='ocrx_word' id='word_1_468' title='bbox 1414 2735 1614 2770; x_wconf 82' lang='lat' dir='ltr'>incidimus</span> <span class='ocrx_word' id='word_1_469' title='bbox 1639 2734 1682 2768; x_wconf 88' lang='lat' dir='ltr'>in</span> 
     </span>
     <span class='ocr_line' id='line_1_84' title="bbox 926 2782 1682 2829; baseline -0.001 -11"><span class='ocrx_word' id='word_1_470' title='bbox 926 2785 1044 2829; x_wconf 81' lang='lat' dir='ltr'>ipsam</span> <span class='ocrx_word' id='word_1_471' title='bbox 1095 2783 1411 2828; x_wconf 81' lang='lat' dir='ltr'>perturbationem</span> <span class='ocrx_word' id='word_1_472' title='bbox 1461 2782 1682 2826; x_wconf 79' lang='lat' dir='ltr'>disciplinae</span> 
     </span>
     <span class='ocr_line' id='line_1_85' title="bbox 925 2832 1063 2866; baseline -0.007 0"><span class='ocrx_word' id='word_1_473' title='bbox 925 2832 1063 2866; x_wconf 78' lang='lat' dir='ltr'>veteris.</span> 
     </span>
    </p>

    <p class='ocr_par' dir='ltr' id='par_1_33' title="bbox 929 2876 1682 2971">
     <span class='ocr_line' id='line_1_86' title="bbox 975 2876 1682 2923; baseline -0.004 -9"><span class='ocrx_word' id='word_1_474' title='bbox 975 2888 1163 2923; x_wconf 61' lang='lat' dir='ltr'>compages</span> <span class='ocrx_word' id='word_1_475' title='bbox 1183 2878 1254 2913; x_wconf 75' lang='lat' dir='ltr'>mit</span> <span class='ocrx_word' id='word_1_476' title='bbox 1272 2877 1485 2922; x_wconf 78' lang='lat' dir='ltr'>poetischer</span> <span class='ocrx_word' id='word_1_477' title='bbox 1506 2876 1682 2920; x_wconf 67' lang='lat' dir='ltr'>Farbung</span> 
     </span>
     <span class='ocr_line' id='line_1_87' title="bbox 929 2924 1511 2971; baseline -0.002 -9"><span class='ocrx_word' id='word_1_478' title='bbox 929 2927 1055 2962; x_wconf 66' lang='lat' dir='ltr'>‘festas</span> <span class='ocrx_word' id='word_1_479' title='bbox 1083 2926 1236 2971; x_wconf 76' lang='lat' dir='ltr'>Geffige,</span> <span class='ocrx_word' id='word_1_480' title='bbox 1264 2926 1377 2961; x_wconf 77' lang='lat' dir='ltr'>fester</span> <span class='ocrx_word' id='word_1_481' title='bbox 1404 2924 1511 2961; x_wconf 86' lang='lat' dir='ltr'>Bau’.</span> 
     </span>
    </p>
   </div>
   <div class='ocr_carea' id='block_1_10' title="bbox 1692 479 1708 505">
    <p class='ocr_par' dir='ltr' id='par_1_34' title="bbox 1692 479 1708 505">
     <span class='ocr_line' id='line_1_88' title="bbox 1692 479 1708 505; baseline 0 0"><span class='ocrx_word' id='word_1_482' title='bbox 1692 479 1708 505; x_wconf 84' lang='lat'>5</span> 
     </span>
    </p>
   </div>
   <div class='ocr_carea' id='block_1_11' title="bbox 1694 777 1729 802">
    <p class='ocr_par' dir='ltr' id='par_1_35' title="bbox 1694 777 1729 802">
     <span class='ocr_line' id='line_1_89' title="bbox 1694 777 1729 802; baseline 0 0"><span class='ocrx_word' id='word_1_483' title='bbox 1694 777 1729 802; x_wconf 88' lang='lat'>10</span> 
     </span>
    </p>
   </div>
  </div>
 </body>
</html>
