1875 3214
584 94 733 130 LIBER
759 93 822 128 III.
875 93 980 131 CAP.

1009 98 1159 130 71—72.
1613 95 1666 137 75

76 208 322 247 sustinentes
355 206 557 258 fastigium
592 206 745 258 aquilae
778 211 912 244 vetere
946 205 1052 257 ligno
1087 213 1296 246 traxerunt
1329 206 1527 246 flammam
1560 206 1665 246 alue-

74 271 259 318 runtque.

72 326 344 377 conflagravit.

323 266 381 306 sie
415 259 654 318 Capitolium
688 265 834 305 clausis
868 265 1021 304 foribus
1055 266 1308 306 indefensum
1342 273 1381 306 et
1419 267 1665 319 indireptum

1686 337 1720 362 20

192 384 236 424 Id
269 385 424 425 facinus
459 392 550 437 post
584 386 784 425 conditam
818 384 959 424 urbem
992 385 1335 425 luctuosissimum
1370 386 1737 427 foedissimum-72

74 458 150 498 que
183 446 243 484 rei
275 444 458 497 publicae
492 445 631 498 populi
664 445 832 485 Romani
864 445 1028 498 accidit,
1071 445 1180 485 nullo
1214 452 1379 485 externo
1415 446 1542 499 hoste,
1575 459 1665 498 pro-

71 506 200 557 pitiis,
235 506 268 543 si
293 517 367 556 per
393 517 527 545 mores
554 511 716 545 nostros
743 505 904 556 liceret,
938 505 1023 544 deis
1052 506 1188 545 sedem
1212 505 1315 545 Iovis
1336 505 1486 558 Optimi
1507 506 1666 546 Maximi

70 565 273 616 auspicato
300 576 321 603 a
347 565 567 605 maioribus
596 567 741 617 pignus
768 566 927 617 imperii
962 565 1174 619 conditam,
1203 578 1320 618 quam
1348 579 1428 605 non
1463 566 1666 606 Porsenna

72 624 203 664 dedita
236 623 338 664 urbe
371 637 502 677 neque
537 625 636 665 Galli
679 630 792 678 capta
826 631 1023 665 temerare
1065 627 1310 679 potuissent,
1348 627 1485 666 furore
1518 628 1666 678 11111101-
1687 638 1702 663 5

71 696 165 736 pum
200 684 372 724 excindi.

435 691 588 725 arserat
636 691 676 725 et
716 691 806 725 ante
847 685 1086 736 Capitolium
1126 685 1233 725 civili
1273 685 1376 725 bello
1418 686 1487 726 sed
1527 687 1665 726 fraude

73 745 244 796 privata:
277 756 385 784 nunc
417 744 548 796 palam
581 745 812 794 obsessum,
853 745 982 797 palam
1015 747 1243 799 incensum,
1283 746 1429 798 quibus
1464 759 1665 786 armorum

72 805 222 858 causis,
268 817 346 856 quo
393 809 525 845 tantae
572 805 695 846 eladis
740 806 871 858 pretio
925 804 1056 845 sedit?
1106 819 1178 858 pro
1224 808 1351 858 patria
1402 804 1666 846 bellavimus?

71 869 231 907 voverat
253 863 498 916 Tarquinius
531 865 695 906 Priscus
729 879 799 906 rex
832 865 936 905 bello
971 865 1117 905 Sabino
1151 868 1380 918 ieceratque
1409 867 1665 906 fundamenta

4 948 7 951 ι
73 936 143 975 spe
175 925 302 977 magis
335 924 495 965 futurae
528 927 834 979 magnitudiniS‚
875 938 993 977 quam
1034 938 1112 977 quo
1151 926 1330 966 modicae
1364 926 1493 966 adhuc
1526 926 1664 979 populi

71 982 240 1024 Romani
270 996 336 1024 res
370 985 615 1026 sufficerent
662 999 753 1026 mox
788 986 952 1025 Servius
986 985 1141 1025 Tullius
1170 988 1370 1026 sociorum
1399 987 1544 1039 studio,
1573 987 1665 1026 dein

119 1091 174 1124 18.
201 1087 368 1134 aquilae]
389 1088 459 1124 Die
480 1089 759 1136 Verzierungen
787 1091 826 1126 in

68 1135 327 1181 Adlergestalt
379 1147 427 1172 an
473 1137 543 1173 den
590 1137 715 1173 Eeken
762 1139 825 1174 des

68 1183 322 1229 Frontispices
343 1184 445 1220 eines
461 1185 579 1231 Temp
583 1186 648 1221 eis.
675 1186 825 1222 Bekker

67 1232 206 1267 Anecd.
248 1231 309 1268 Gr
336 1231 404 1268 Bd.
426 1232 443 1266 Ι
468 1245 503 1278 p.
533 1238 600 1269 361
631 1233 750 1269 αἰετοὶ
777 1231 823 1269 τὰ

67 1277 257 1337 προνόμια
277 1279 352 1315 τῶν
372 1280 490 1325 ναῶν,
518 1295 564 1316 τα
586 1281 823 1339 φατνώματα

66 1328 141 1362 τῶν
169 1325 341 1384 ὀρόφων,
376 1325 440 1364 δια
469 1342 511 1363 vo
541 1327 710 1365 ὃΟικέναι
736 1344 820 1365 πΐδ·

68 1376 173 1420 ρυξιν
200 1372 336 1412 ἀετῶν.

115 1427 313 1459 traxerunt

68 1470 97 1505 F
100 1470 264 1507 lammen
301 1473 401 1507 nach

73 1518 214 1564 ‘fingen
239 1519 387 1555 Feuer’.

116 1567 176 1602 72.
206 1570 236 1602 1.
263 1567 313 1603 Id
337 1567 504 1614 facinus]
540 1567 705 1604 Ahnlich
733 1569 821 1605 Sall.

68 1614 147 1650 Cat.
176 1618 231 1659 18,
252 1618 273 1650 8
295 1626 334 1651 eo
359 1616 419 1651 die
438 1620 526 1660 post
551 1618 737 1652 conditam
763 1629 824 1652 ur-

67 1663 142 1698 bem
150 1663 350 1708 pessimum
356 1664 508 1708 facinus
514 1668 607 1709 pat]
609 1669 711 1700 atum
718 1666 778 1709 for
780 1670 822 1702 et.

115 1715 146 1746 3.
167 1712 298 1758 mores]
319 1711 587 1757 Auffi'ihrung,
603 1712 823 1758 Betragen’,

68 1757 349 1805 wie14‚.85
388 1759 822 1805 11,.1‚0161V,7‚6.

114 1859 147 1890 4.
194 1855 402 1902 auspicato]
448 1855 533 1893 Abi,
575 1857 653 1893 abs,
697 1857 822 1893 ‘unter

66 1902 233 1949 heiligen
258 1902 448 1947 Weihen';
476 1916 503 1938 S.
531 1917 574 1939 zu
601 1904 628 1949 Ι,
655 1908 713 1949 84,
740 1909 797 1940 24.

110 1951 267 1998 piynns]
293 1951 353 1986 An
380 1951 452 1986 den
478 1951 643 1988 Bestand
670 1953 736 1988 des
756 1953 822 1988 ka-

65 1999 332 2044 pitolinischen
365 1999 540 2044 Tempels
576 2000 735 2046 km'ipfte
762 2000 822 2036 die

66 2045 367 2093 Volksmeinung
404 2047 465 2082 die
504 2047 630 2083 Dauer
668 2049 733 2083 (161
764 2053 823 2084 10-

66 2094 237 2130 misehen
273 2094 507 2130 Heimrsehaft
565 2095 747 2141 Vg1.1V‚

71 2142 215 2188 (Gallos
241 2143 414 2186 rebelles)
447 2144 545 2179 nihil
575 2155 686 2189 aeque
717 2100 827 2190 ραιῗυι

66 2191 278 2227 incendium
313 2190 508 2236 Capitolii,
546 2196 587 2227 ut
617 2193 726 2236 finem
757 2194 825 2228 im-

59 2239 162 2284 perii
205 2240 328 2275 adesse
365 2240 570 2282 crederent,
615 2241 825 2285 inpulerat3

66 2286 156 2322 Hor.
184 2286 243 2322 od.
272 2286 336 2330 III,
364 2291 422 2331 30,
444 2290 476 2322 8.
505 2292 538 2331 5,
561 2292 614 2323 12.
645 2288 709 2324 Ov.
738 2291 825 2325 met.

66 2334 113 2379 II,
134 2337 179 2369 38
200 2336 365 2379 piqnora
390 2335 440 2370 da
464 2337 620 2380 yenitor,
641 2347 711 2381 per
735 2348 828 2382 quae

65 2385 134 2418 tua
158 2393 245 2417 vera
265 2393 435 2428 propayo
460 2385 642 2419 credatur.

119 2429 317 2466 Porsenna
336 2431 461 2466 dedita
483 2431 588 2478 urbe]
615 2431 710 2466 Eine
737 2431 828 2467 ahu-

69 2477 167 2513 liehe
205 2489 279 2513 von
317 2477 384 2513 der
422 2479 668 2524 sagenhaften
711 2470 827 2515 Uber-

69 2524 257 2571 lieferung
282 2525 548 2562 abweichende
575 2526 737 2562 Ansicht
765 2527 827 2563 bei

70 2572 166 2610 Plin.
192 2584 229 2608 n.
232 2538 292 2610 g.h
320 2573 489 2618 XXXIV,
518 2578 578 2619 14,
607 2579 651 2610 39
684 2576 725 2610 in
751 2576 826 2619 foe-

71 2621 170 2664 dere,
202 2622 300 2666 quod
324 2602 489 2667 expulsis
512 2604 660 2668 redibas
685 2623 826 2668 populo

69 2667 237 2704 Romano
257 2670 358 2704 dedit
380 2669 458 2705 Por
458 2680 585 2713 senna
608 2672 827 2707 nominatim

68 2716 358 2760 comprehensum
389 2718 614 2761 invenimus,
646 2730 691 2754 ne
728 2719 827 2762 ferro

70 2764 146 2798 nisi
170 2764 212 2799 in
237 2765 323 2809 ayri
348 2766 450 2800 cultu
476 2769 682 2809 uteo-entim
718 2768 828 2802 etiam

72 2812 155 2847 stilo
198 2812 354 2847 seribere
397 2814 545 2848 vetitum
591 2815 829 2850 vetustissimi

72 2862 238 2895 auctores
251 2860 497 2896 tradiderunt.
515 2860 549 2896 S.
561 2861 679 2905 Peter,
693 2861 826 2898 Geseh.

71 2904 186 2942 Roms
212 2906 228 2941 I
257 2906 290 2942 S.
321 2911 398 2943 101.

361 1425 607 1471 flammam]‘
619 1436 738 1470 zogen
765 1427 826 1462 die

442 1472 523 1508 sich
562 1472 653 1508 hin’
714 1474 748 1509 d.
788 1475 824 1510 h.

951 1092 982 1123 5.
1018 1093 1191 1125 temerare
1223 1090 1293 1125 wie
1327 1090 1441 1135 Verg.
1476 1091 1568 1125 Aen.
1602 1090 1666 1133 VI,

902 1141 970 1172 841
994 1139 1129 1182 templa
1149 1142 1325 1174 temerata
1348 1139 1561 1180 Minervam
1583 1138 1663 1173 Liv.

899 1184 1032 1228 XXVI,
1056 1190 1112 1229 13,
1136 1190 1190 1221 13.
1230 1186 1295 1221 Als
1322 1186 1491 1221 Verbum
1518 1186 1665 1220 finitum

898 1232 949 1267 ist
970 1237 1145 1269 temerare
1164 1234 1441 1278 naehklassieh,
1462 1234 1533 1269 wie
1556 1244 1584 1268 0
1608 1237 1664 1277 80,

900 1285 955 1317 12.
969 1280 1012 1316 A.
1028 1281 1055 1326 Ι,
1070 1286 1128 1317 53.
1156 1281 1222 1317 Ov.
1248 1294 1292 1317 ex
1308 1282 1428 1317 Ponto
1444 1282 1506 1326 IV,
1532 1286 1586 1325 10,
1608 1285 1663 1316 82.

946 1333 976 1364 6.
1012 1330 1177 1376 ezeindi]
1222 1321 1323 1365 Uber
1356 1330 1416 1365 die
1456 1310 1664 1365 Konsffruk-

902 1376 983 1412 tion
1010 1389 1036 1412 s.
1066 1390 1110 1412 zu
1137 1389 1167 1413 0.
1195 1382 1253 1421 68,
1282 1382 1314 1413 2.

949 1429 982 1460 et
1008 1425 1110 1471 ante]
1143 1437 1169 1461 s.
1198 1438 1242 1460 zu
1270 1436 1300 1460 0.
1328 1429 1384 1469 37,
1415 1430 1469 1460 13.

949 1473 1051 1508 civili
1075 1473 1182 1519 bello]
1203 1473 1305 1509 bello
1330 1473 1485 1508 Sullano
1507 1485 1562 1518 pr.
1578 1484 1664 1511 non.

901 1519 1049 1563 Quinct.
1079 1521 1191 1565 (Plut.
1221 1520 1311 1556 Sull.
1337 1525 1396 1566 27)
1424 1520 1462 1556 L.
1492 1520 1664 1556 Cornelio

900 1567 1075 1614 Scipione
1118 1569 1154 1605 C.
1198 1569 1377 1605 Norbano
1418 1580 1512 1604 coss.
1551 1570 1662 1613 (anno

899 1628 930 1652 a.
960 1616 1044 1652 Chr.
1073 1629 1107 1652 n.
1135 1617 1367 1662 octogesimo
1394 1616 1535 1663 tertio).

948 1668 978 1700 7.
1005 1665 1170 1711 privata]
1202 1666 1290 1700 ‘von
1316 1665 1662 1710 Privatpersonen’.

897 1711 967 1748 Die
988 1712 1270 1759 Veranlassung
1291 1713 1357 1749 des
1372 1712 1541 1748 Brandes
1562 1713 1663 1748 blieb

897 1760 1135 1803 unbekannt3
1164 1773 1191 1796 s.
1206 1760 1302 1806 App.
1319 1760 1355 1795 b.
1372 1772 1400 1797 0.
1413 1760 1440 1804 Ι,
1456 1765 1512 1796 83.
1535 1760 1664 1796 Fraus

900 1808 1064 1852 Taoke,
1098 1808 1282 1853 Bosheit',
1317 1809 1386 1844 wie
1422 1808 1496 1844 Cic.
1532 1808 1578 1844 de
1611 1820 1662 1845 or.

899 1855 915 1890 I
936 1860 954 1899 ξ
976 1860 1045 1891 202
1072 1857 1188 1892 scelus
1213 1857 1456 1902 fraudemque
1480 1857 1660 1899 nocentis,

896 1904 939 1939 A.
969 1903 1068 1949 XIII,
1100 1908 1155 1940 26.
1183 1903 1281 1948 XVI,
1308 1908 1364 1940 32.
1393 1905 1472 1940 Liv.
1500 1904 1576 1947 XL,
1605 1908 1661 1949 20,

895 1956 918 1987 4
945 1964 979 1987 11.
1007 1955 1039 1987 ὂ.

947 2004 978 2034 8.
1006 2000 1116 2046 sedit]
1148 2000 1247 2035 Perf.
1275 2013 1321 2035 zu
1346 2001 1464 2036 sidere
1499 1999 1659 2035 ‘nieder-

900 2047 1061 2083 sinken’.
1115 2048 1199 2093 Vgl.
1227 2050 1271 2083 A.
1297 2047 1341 2092 II,
1363 2052 1408 2083 47
1437 2049 1568 2084 sedisse
1594 2050 1660 2083 im·

900 2106 1039 2131 mensos
1065 2099 1211 2131 montes.
1248 2096 1457 2141 Hertzberg
1484 2109 1527 2131 zu
1547 2096 1658 2141 Prop.

901 2143 964 2186 ΙΙΙ,
988 2148 1019 2188 9,
1041 2148 1085 2180 37
1106 2155 1181 2179 non
1206 2144 1297 2188 flebo
1323 2145 1365 2179 in
1385 2145 1521 2179 eineres
1541 2155 1658 2180 arcem

900 2193 1033 2228 sedisse
1057 2196 1256 2238 paternam
1284 2192 1425 2228 Cadmi.

951 2244 983 2276 9.
1024 2240 1268 2283 fundamenta
1306 2240 1395 2286 eto]
1441 2239 1518 2274 Liv.
1553 2239 1587 2284 1,
1615 2242 1659 2275 38

903 2299 1025 2324 aream
1053 2289 1103 2323 ad
1129 2289 1250 2324 aedem
1277 2288 1318 2323 in
1341 2288 1524 2332 Capitolio
1543 2287 1660 2331 Iocis,

901 2347 1013 2382 quam
1057 2339 1203 2372 voverat
1249 2336 1338 2371 bello
1383 2336 1545 2379 Sabino,
1584 2336 1661 2370 iam

899 2385 1154 2429 praesayieme
1198 2384 1323 2419 animo
1366 2384 1535 2427 futuram
1574 2383 1659 2419 olim

903 2432 1183 2477 amplitudinem
1221 2432 1292 2467 loci
1329 2434 1483 2476 occupat
1520 2431 1659 2475 funda-

901 2481 1040 2515 mentis.

953 2531 1007 2562 10.
1047 2538 1155 2572 quam
1193 2526 1280 2573 quo]
1320 2526 1381 2561 ffir
1418 2538 1528 2572 quam
1562 2527 1659 2572 quod

901 2575 998 2610 nach
1025 2574 1213 2618 Analogie
1240 2585 1314 2609 von
1339 2585 1415 2610 non
1441 2585 1522 2620 quo.

951 2627 1005 2659 11.
1016 2621 1277 2658 res‘dieMitte]
1285 2621 1555 2664 '‚wofiirunten
1563 2633 1655 2667 opes.

948 2671 1129 2706 sociorum
1172 2669 1310 2716 stadio]
1359 2669 1404 2705 de
1443 2682 1516 2715 quo
1560 2669 1657 2705 nihil

903 2717 1085 2763 comperti
1117 2717 1316 2761 habemus3
1349 2728 1437 2752 nam
1463 2718 1564 2762 quod
1596 2717 1657 2752 Li-

901 2766 983 2801 vius
1015 2767 1048 2808 I,
1075 2769 1121 2800 44
1155 2765 1200 2799 de
1233 2765 1322 2799 fano
1350 2765 1492 2800 Dianae
1525 2764 1658 2810 populi

901 2814 1028 2848 Latini
1043 2825 1125 2848 cum
1141 2813 1282 2858 populo
1297 2812 1466 2848 Romano
1481 2812 1519 2847 in
1534 2812 1656 2847 Aven-

901 2861 982 2896 tino
1002 2861 1101 2896 facto
1122 2861 1268 2903 narrat,
1289 2859 1385 2894 nihil
1405 2860 1453 2895 ad
1473 2871 1551 2895 rem
1571 2871 1655 2905 per-

901 2908 1008 2944 tinet.
1036 2908 1249 2943 D6derlein.

1687 940 1721 965 10
