<?xml version="1.0" encoding="UTF-8"?>
<!DOCTYPE html PUBLIC "-//W3C//DTD XHTML 1.0 Transitional//EN"
    "http://www.w3.org/TR/xhtml1/DTD/xhtml1-transitional.dtd">
<html xmlns="http://www.w3.org/1999/xhtml" xml:lang="en" lang="en">
 <head>
  <title>
</title>
<meta http-equiv="Content-Type" content="text/html;charset=utf-8" />
  <meta name='ocr-system' content='tesseract 3.04.00' />
  <meta name='ocr-capabilities' content='ocr_page ocr_carea ocr_par ocr_line ocrx_word'/>
</head>
<body>
  <div class='ocr_page' id='page_1' title='image "./historiarumlibri0304taciuoft_0063.png"; bbox 0 0 1875 3214; ppageno 0'>
   <div class='ocr_carea' id='block_1_1' title="bbox 587 94 1671 137">
    <p class='ocr_par' dir='ltr' id='par_1_1' title="bbox 587 94 1671 137">
     <span class='ocr_line' id='line_1_1' title="bbox 587 94 1671 137; baseline 0.006 -7"><span class='ocrx_word' id='word_1_1' title='bbox 587 95 731 131; x_wconf 81' lang='lat' dir='ltr'><strong>LIBER</strong></span> <span class='ocrx_word' id='word_1_2' title='bbox 755 95 819 132; x_wconf 85' lang='lat'>111.</span> <span class='ocrx_word' id='word_1_3' title='bbox 870 95 974 133; x_wconf 85' lang='lat' dir='ltr'>CAP.</span> <span class='ocrx_word' id='word_1_4' title='bbox 1001 99 1156 132; x_wconf 83' lang='lat'>55—56.</span> <span class='ocrx_word' id='word_1_5' title='bbox 1613 94 1671 137; x_wconf 89' lang='lat'>55</span> 
     </span>
    </p>
   </div>
   <div class='ocr_carea' id='block_1_2' title="bbox 81 205 1727 617">
    <p class='ocr_par' dir='ltr' id='par_1_2' title="bbox 81 205 1727 617">
     <span class='ocr_line' id='line_1_2' title="bbox 81 205 1664 260; baseline -0.004 -9"><span class='ocrx_word' id='word_1_6' title='bbox 81 212 300 260; x_wconf 85' lang='lat' dir='ltr'>dimittere,</span> <span class='ocrx_word' id='word_1_7' title='bbox 339 208 436 248; x_wconf 86' lang='lat' dir='ltr'>alios</span> <span class='ocrx_word' id='word_1_8' title='bbox 468 206 787 248; x_wconf 81' lang='lat' dir='ltr'>immunitatibus</span> <span class='ocrx_word' id='word_1_9' title='bbox 820 208 972 259; x_wconf 84' lang='lat' dir='ltr'>iuvare,</span> <span class='ocrx_word' id='word_1_10' title='bbox 1021 206 1192 258; x_wconf 89' lang='lat' dir='ltr'>denique</span> <span class='ocrx_word' id='word_1_11' title='bbox 1233 205 1340 246; x_wconf 84' lang='lat' dir='ltr'>nulla</span> <span class='ocrx_word' id='word_1_12' title='bbox 1377 208 1418 245; x_wconf 92' lang='lat' dir='ltr'>in</span> <span class='ocrx_word' id='word_1_13' title='bbox 1456 212 1664 258; x_wconf 88' lang='lat' dir='ltr'>posterum</span> 
     </span>
     <span class='ocr_line' id='line_1_3' title="bbox 82 265 1723 319; baseline -0.005 -9"><span class='ocrx_word' id='word_1_14' title='bbox 82 282 179 310; x_wconf 83' lang='lat' dir='ltr'>cura</span> <span class='ocrx_word' id='word_1_15' title='bbox 204 269 379 308; x_wconf 81' lang='lat' dir='ltr'>lacerare</span> <span class='ocrx_word' id='word_1_16' title='bbox 414 268 637 319; x_wconf 89' lang='lat' dir='ltr'>imperium.</span> <span class='ocrx_word' id='word_1_17' title='bbox 689 266 758 305; x_wconf 90' lang='lat' dir='ltr'>sed</span> <span class='ocrx_word' id='word_1_18' title='bbox 792 265 932 317; x_wconf 84' lang='lat' dir='ltr'>vulgus</span> <span class='ocrx_word' id='word_1_19' title='bbox 959 266 1007 305; x_wconf 90' lang='lat' dir='ltr'>ad</span> <span class='ocrx_word' id='word_1_20' title='bbox 1033 266 1348 317; x_wconf 83' lang='lat' dir='ltr'>magnitudinem</span> <span class='ocrx_word' id='word_1_21' title='bbox 1375 266 1664 305; x_wconf 84' lang='lat' dir='ltr'>beneficiorum</span> <span class='ocrx_word' id='word_1_22' title='bbox 1689 276 1723 302; x_wconf 84' lang='grc' dir='ltr'>ιο</span> 
     </span>
     <span class='ocr_line' id='line_1_4' title="bbox 82 325 1665 380; baseline -0.003 -11"><span class='ocrx_word' id='word_1_23' title='bbox 82 330 196 369; x_wconf 89' lang='lat' dir='ltr'>hians</span> <span class='ocrx_word' id='word_1_24' title='bbox 229 328 381 380; x_wconf 83' lang='lat' dir='ltr'>aderat,</span> <span class='ocrx_word' id='word_1_25' title='bbox 425 327 684 366; x_wconf 86' lang='lat' dir='ltr'>stultissimus</span> <span class='ocrx_word' id='word_1_26' title='bbox 725 326 894 377; x_wconf 84' lang='lat' dir='ltr'>quisque</span> <span class='ocrx_word' id='word_1_27' title='bbox 933 327 1114 377; x_wconf 81' lang='lat' dir='ltr'>pecuniis</span> <span class='ocrx_word' id='word_1_28' title='bbox 1154 325 1424 378; x_wconf 76' lang='lat' dir='ltr'><strong>mercabatur,</strong></span> <span class='ocrx_word' id='word_1_29' title='bbox 1467 325 1572 378; x_wconf 90' lang='lat' dir='ltr'>apud</span> <span class='ocrx_word' id='word_1_30' title='bbox 1605 338 1665 365; x_wconf 90' lang='lat' dir='ltr'>sa-</span> 
     </span>
     <span class='ocr_line' id='line_1_5' title="bbox 82 385 1665 442; baseline -0.003 -14"><span class='ocrx_word' id='word_1_31' title='bbox 82 391 237 442; x_wconf 84' lang='lat' dir='ltr'>pientes</span> <span class='ocrx_word' id='word_1_32' title='bbox 269 400 381 426; x_wconf 89' lang='lat' dir='ltr'>cassa</span> <span class='ocrx_word' id='word_1_33' title='bbox 413 386 682 437; x_wconf 79' lang='lat' dir='ltr'>habebantur,</span> <span class='ocrx_word' id='word_1_34' title='bbox 723 397 823 436; x_wconf 90' lang='lat' dir='ltr'>quae</span> <span class='ocrx_word' id='word_1_35' title='bbox 863 397 993 436; x_wconf 89' lang='lat' dir='ltr'>neque</span> <span class='ocrx_word' id='word_1_36' title='bbox 1032 385 1119 424; x_wconf 83' lang='lat' dir='ltr'>dari</span> <span class='ocrx_word' id='word_1_37' title='bbox 1157 397 1286 437; x_wconf 85' lang='lat' dir='ltr'>neque</span> <span class='ocrx_word' id='word_1_38' title='bbox 1319 387 1447 437; x_wconf 82' lang='lat' dir='ltr'>accipi</span> <span class='ocrx_word' id='word_1_39' title='bbox 1483 385 1587 424; x_wconf 86' lang='lat' dir='ltr'>salva</span> <span class='ocrx_word' id='word_1_40' title='bbox 1620 397 1665 424; x_wconf 92' lang='lat' dir='ltr'>re</span> 
     </span>
     <span class='ocr_line' id='line_1_6' title="bbox 82 444 1664 500; baseline -0.002 -13"><span class='ocrx_word' id='word_1_41' title='bbox 82 447 240 500; x_wconf 86' lang='lat' dir='ltr'>publica</span> <span class='ocrx_word' id='word_1_42' title='bbox 259 452 455 498; x_wconf 81' lang='lat' dir='ltr'>poterant.</span> <span class='ocrx_word' id='word_1_43' title='bbox 494 445 653 485; x_wconf 84' lang='lat' dir='ltr'>tandem</span> <span class='ocrx_word' id='word_1_44' title='bbox 674 444 875 496; x_wconf 88' lang='lat' dir='ltr'>flagitante</span> <span class='ocrx_word' id='word_1_45' title='bbox 897 446 1088 497; x_wconf 81' lang='lat' dir='ltr'>exercitu,</span> <span class='ocrx_word' id='word_1_46' title='bbox 1116 446 1185 496; x_wconf 88' lang='lat' dir='ltr'>qui</span> <span class='ocrx_word' id='word_1_47' title='bbox 1210 445 1430 484; x_wconf 85' lang='lat' dir='ltr'>Mevaniam</span> <span class='ocrx_word' id='word_1_48' title='bbox 1450 445 1664 497; x_wconf 85' lang='lat' dir='ltr'>insederat,</span> 
     </span>
     <span class='ocr_line' id='line_1_7' title="bbox 83 503 1663 559; baseline -0.003 -12"><span class='ocrx_word' id='word_1_49' title='bbox 83 519 224 559; x_wconf 86' lang='lat' dir='ltr'>magno</span> <span class='ocrx_word' id='word_1_50' title='bbox 257 513 486 545; x_wconf 87' lang='lat' dir='ltr'>senatorum</span> <span class='ocrx_word' id='word_1_51' title='bbox 524 506 696 556; x_wconf 81' lang='lat' dir='ltr'>agmine,</span> <span class='ocrx_word' id='word_1_52' title='bbox 740 516 910 556; x_wconf 89' lang='lat' dir='ltr'>quorum</span> <span class='ocrx_word' id='word_1_53' title='bbox 949 504 1095 543; x_wconf 88' lang='lat' dir='ltr'>multos</span> <span class='ocrx_word' id='word_1_54' title='bbox 1138 504 1371 555; x_wconf 83' lang='lat' dir='ltr'>ambitione,</span> <span class='ocrx_word' id='word_1_55' title='bbox 1415 503 1551 556; x_wconf 87' lang='lat' dir='ltr'>plures</span> <span class='ocrx_word' id='word_1_56' title='bbox 1585 505 1663 543; x_wconf 88' lang='lat' dir='ltr'>for-</span> 
     </span>
     <span class='ocr_line' id='line_1_8' title="bbox 82 563 1727 617; baseline -0.002 -11"><span class='ocrx_word' id='word_1_57' title='bbox 82 567 230 606; x_wconf 88' lang='lat' dir='ltr'>midine</span> <span class='ocrx_word' id='word_1_58' title='bbox 262 565 461 617; x_wconf 89' lang='lat' dir='ltr'>trahebat,</span> <span class='ocrx_word' id='word_1_59' title='bbox 499 566 541 603; x_wconf 93' lang='lat' dir='ltr'>in</span> <span class='ocrx_word' id='word_1_60' title='bbox 574 570 703 603; x_wconf 86' lang='lat' dir='ltr'>eastra</span> <span class='ocrx_word' id='word_1_61' title='bbox 742 565 850 603; x_wconf 86' lang='lat' dir='ltr'>venit</span> <span class='ocrx_word' id='word_1_62' title='bbox 882 565 1061 603; x_wconf 85' lang='lat' dir='ltr'>incertus</span> <span class='ocrx_word' id='word_1_63' title='bbox 1094 565 1215 603; x_wconf 89' lang='lat' dir='ltr'>animi</span> <span class='ocrx_word' id='word_1_64' title='bbox 1247 570 1286 603; x_wconf 80' lang='lat' dir='ltr'>et</span> <span class='ocrx_word' id='word_1_65' title='bbox 1318 563 1451 603; x_wconf 83' lang='lat' dir='ltr'>infidis</span> <span class='ocrx_word' id='word_1_66' title='bbox 1485 564 1661 603; x_wconf 85' lang='lat' dir='ltr'>consiliis</span> <span class='ocrx_word' id='word_1_67' title='bbox 1693 574 1727 601; x_wconf 81' lang='lat'>15</span> 
     </span>
    </p>
   </div>
   <div class='ocr_carea' id='block_1_3' title="bbox 81 625 288 665">
    <p class='ocr_par' dir='ltr' id='par_1_3' title="bbox 81 625 288 665">
     <span class='ocr_line' id='line_1_9' title="bbox 81 625 288 665; baseline 0 0"><span class='ocrx_word' id='word_1_68' title='bbox 81 625 288 665; x_wconf 72' lang='lat' dir='ltr'>obnoxius</span> 
     </span>
    </p>
   </div>
   <div class='ocr_carea' id='block_1_4' title="bbox 201 679 1742 736">
    <p class='ocr_par' dir='ltr' id='par_1_4' title="bbox 201 679 1742 736">
     <span class='ocr_line' id='line_1_10' title="bbox 201 679 1742 736; baseline 0.001 -12"><span class='ocrx_word' id='word_1_69' title='bbox 201 685 454 725; x_wconf 89' lang='lat' dir='ltr'>Contionanti</span> <span class='ocrx_word' id='word_1_70' title='bbox 499 680 792 736; x_wconf 85' lang='lat' dir='ltr'>(prodigiosum</span> <span class='ocrx_word' id='word_1_71' title='bbox 831 679 960 735; x_wconf 82' lang='lat' dir='ltr'>dictu)</span> <span class='ocrx_word' id='word_1_72' title='bbox 1006 688 1160 722; x_wconf 87' lang='lat' dir='ltr'>tantum</span> <span class='ocrx_word' id='word_1_73' title='bbox 1205 682 1412 723; x_wconf 84' lang='lat' dir='ltr'>foedarum</span> <span class='ocrx_word' id='word_1_74' title='bbox 1452 683 1662 722; x_wconf 76' lang='lat' dir='ltr'>voluerum</span> <span class='ocrx_word' id='word_1_75' title='bbox 1686 682 1742 725; x_wconf 84' lang='lat'>56</span> 
     </span>
    </p>
   </div>
   <div class='ocr_carea' id='block_1_5' title="bbox 80 742 1667 856">
    <p class='ocr_par' dir='ltr' id='par_1_5' title="bbox 80 742 1667 856">
     <span class='ocr_line' id='line_1_11' title="bbox 80 742 1662 796; baseline -0.001 -12"><span class='ocrx_word' id='word_1_76' title='bbox 80 744 396 796; x_wconf 84' lang='lat' dir='ltr'>supervolitavit,</span> <span class='ocrx_word' id='word_1_77' title='bbox 425 748 468 783; x_wconf 92' lang='lat' dir='ltr'>ut</span> <span class='ocrx_word' id='word_1_78' title='bbox 495 743 600 783; x_wconf 89' lang='lat' dir='ltr'>nube</span> <span class='ocrx_word' id='word_1_79' title='bbox 627 748 711 781; x_wconf 86' lang='lat' dir='ltr'>atra</span> <span class='ocrx_word' id='word_1_80' title='bbox 737 742 843 781; x_wconf 88' lang='lat' dir='ltr'>diem</span> <span class='ocrx_word' id='word_1_81' title='bbox 869 742 1144 781; x_wconf 86' lang='lat' dir='ltr'>obtenderent.</span> <span class='ocrx_word' id='word_1_82' title='bbox 1190 744 1357 782; x_wconf 83' lang='lat' dir='ltr'>accessit</span> <span class='ocrx_word' id='word_1_83' title='bbox 1379 743 1512 782; x_wconf 80' lang='lat' dir='ltr'>dirum</span> <span class='ocrx_word' id='word_1_84' title='bbox 1533 755 1662 795; x_wconf 84' lang='lat' dir='ltr'>omen,</span> 
     </span>
     <span class='ocr_line' id='line_1_12' title="bbox 81 802 1667 856; baseline -0.002 -12"><span class='ocrx_word' id='word_1_85' title='bbox 81 804 276 856; x_wconf 87' lang='lat' dir='ltr'>profugus</span> <span class='ocrx_word' id='word_1_86' title='bbox 309 803 499 843; x_wconf 86' lang='lat' dir='ltr'>altaribus</span> <span class='ocrx_word' id='word_1_87' title='bbox 533 808 673 843; x_wconf 85' lang='lat' dir='ltr'>taurus</span> <span class='ocrx_word' id='word_1_88' title='bbox 707 802 872 841; x_wconf 86' lang='lat' dir='ltr'>disiecto</span> <span class='ocrx_word' id='word_1_89' title='bbox 908 802 1095 841; x_wconf 85' lang='lat' dir='ltr'>sacrificii</span> <span class='ocrx_word' id='word_1_90' title='bbox 1127 808 1319 854; x_wconf 86' lang='lat' dir='ltr'>apparatu</span> <span class='ocrx_word' id='word_1_91' title='bbox 1352 802 1480 854; x_wconf 86' lang='lat' dir='ltr'>longe,</span> <span class='ocrx_word' id='word_1_92' title='bbox 1513 815 1586 841; x_wconf 83' lang='lat' dir='ltr'>nec</span> <span class='ocrx_word' id='word_1_93' title='bbox 1622 808 1667 841; x_wconf 91' lang='lat' dir='ltr'>ut</span> 
     </span>
    </p>
   </div>
   <div class='ocr_carea' id='block_1_6' title="bbox 81 863 883 919">
    <p class='ocr_par' dir='ltr' id='par_1_6' title="bbox 81 863 883 919">
     <span class='ocr_line' id='line_1_13' title="bbox 81 863 883 919; baseline -0.002 -16"><span class='ocrx_word' id='word_1_94' title='bbox 81 864 194 919; x_wconf 75' lang='lat' dir='ltr'>feriri</span> <span class='ocrx_word' id='word_1_95' title='bbox 231 864 382 903; x_wconf 87' lang='lat' dir='ltr'>hostias</span> <span class='ocrx_word' id='word_1_96' title='bbox 421 875 507 902; x_wconf 91' lang='lat' dir='ltr'>mos</span> <span class='ocrx_word' id='word_1_97' title='bbox 546 868 624 915; x_wconf 85' lang='lat' dir='ltr'>est,</span> <span class='ocrx_word' id='word_1_98' title='bbox 664 863 883 901; x_wconf 81' lang='lat' dir='ltr'>confossus,</span> 
     </span>
    </p>
   </div>
   <div class='ocr_carea' id='block_1_7' title="bbox 81 988 853 2928">
    <p class='ocr_par' dir='ltr' id='par_1_7' title="bbox 81 988 842 1366">
     <span class='ocr_line' id='line_1_14' title="bbox 83 988 837 1035; baseline -0.004 -9"><span class='ocrx_word' id='word_1_99' title='bbox 83 990 222 1026; x_wconf 78' lang='lat' dir='ltr'>Besten</span> <span class='ocrx_word' id='word_1_100' title='bbox 249 989 464 1035; x_wconf 79' lang='lat' dir='ltr'>aufgeben’,</span> <span class='ocrx_word' id='word_1_101' title='bbox 498 989 532 1024; x_wconf 87' lang='lat' dir='ltr'>d.</span> <span class='ocrx_word' id='word_1_102' title='bbox 559 989 582 1023; x_wconf 86' lang='lat' dir='ltr'>i.</span> <span class='ocrx_word' id='word_1_103' title='bbox 619 988 749 1023; x_wconf 81' lang='lat' dir='ltr'>‘ihnen</span> <span class='ocrx_word' id='word_1_104' title='bbox 783 999 837 1023; x_wconf 82' lang='lat' dir='ltr'>er-</span> 
     </span>
     <span class='ocr_line' id='line_1_15' title="bbox 83 1035 837 1082; baseline -0.004 -8"><span class='ocrx_word' id='word_1_105' title='bbox 83 1038 237 1081; x_wconf 78' lang='lat' dir='ltr'>lassen’3</span> <span class='ocrx_word' id='word_1_106' title='bbox 269 1037 345 1082; x_wconf 86' lang='lat' dir='ltr'>vgl.</span> <span class='ocrx_word' id='word_1_107' title='bbox 380 1036 483 1073; x_wconf 78' lang='lat' dir='ltr'>Caes.</span> <span class='ocrx_word' id='word_1_108' title='bbox 520 1038 554 1072; x_wconf 91' lang='lat' dir='ltr'>b.</span> <span class='ocrx_word' id='word_1_109' title='bbox 582 1048 612 1071; x_wconf 91' lang='grc'>6.</span> <span class='ocrx_word' id='word_1_110' title='bbox 639 1037 667 1079; x_wconf 95' lang='grc' dir='ltr'>Ι,</span> <span class='ocrx_word' id='word_1_111' title='bbox 700 1040 720 1072; x_wconf 90' lang='grc'>8</span> <span class='ocrx_word' id='word_1_112' title='bbox 749 1035 837 1071; x_wconf 86' lang='lat' dir='ltr'>Cae-</span> 
     </span>
     <span class='ocr_line' id='line_1_16' title="bbox 81 1085 836 1130; baseline -0.004 -9"><span class='ocrx_word' id='word_1_113' title='bbox 81 1096 200 1121; x_wconf 84' lang='lat' dir='ltr'>sarem</span> <span class='ocrx_word' id='word_1_114' title='bbox 224 1095 363 1130; x_wconf 80' lang='lat' dir='ltr'>quoque</span> <span class='ocrx_word' id='word_1_115' title='bbox 382 1096 454 1129; x_wconf 91' lang='lat' dir='ltr'>pro</span> <span class='ocrx_word' id='word_1_116' title='bbox 480 1095 549 1120; x_wconf 89' lang='lat' dir='ltr'>sua</span> <span class='ocrx_word' id='word_1_117' title='bbox 578 1085 759 1129; x_wconf 70' lang='lat' dir='ltr'>diynitate</span> <span class='ocrx_word' id='word_1_118' title='bbox 779 1085 836 1119; x_wconf 88' lang='lat' dir='ltr'>de·</span> 
     </span>
     <span class='ocr_line' id='line_1_17' title="bbox 83 1133 837 1169; baseline -0.004 0"><span class='ocrx_word' id='word_1_119' title='bbox 83 1134 164 1169; x_wconf 86' lang='lat' dir='ltr'>bere</span> <span class='ocrx_word' id='word_1_120' title='bbox 189 1136 222 1168; x_wconf 86' lang='lat' dir='ltr'>et</span> <span class='ocrx_word' id='word_1_121' title='bbox 240 1133 406 1168; x_wconf 84' lang='lat' dir='ltr'>studium</span> <span class='ocrx_word' id='word_1_122' title='bbox 425 1136 458 1167; x_wconf 92' lang='lat' dir='ltr'>et</span> <span class='ocrx_word' id='word_1_123' title='bbox 476 1133 713 1168; x_wconf 77' lang='lat' dir='ltr'>iracundiam</span> <span class='ocrx_word' id='word_1_124' title='bbox 732 1143 837 1167; x_wconf 90' lang='lat' dir='ltr'>suam</span> 
     </span>
     <span class='ocr_line' id='line_1_18' title="bbox 83 1180 837 1225; baseline -0.004 -8"><span class='ocrx_word' id='word_1_125' title='bbox 83 1181 139 1217; x_wconf 86' lang='lat' dir='ltr'>rei</span> <span class='ocrx_word' id='word_1_126' title='bbox 160 1181 331 1225; x_wconf 85' lang='lat' dir='ltr'>publicae</span> <span class='ocrx_word' id='word_1_127' title='bbox 356 1181 547 1216; x_wconf 77' lang='lat' dir='ltr'>dimittere.</span> <span class='ocrx_word' id='word_1_128' title='bbox 598 1180 736 1224; x_wconf 87' lang='lat' dir='ltr'>Wenig</span> <span class='ocrx_word' id='word_1_129' title='bbox 756 1191 837 1215; x_wconf 81' lang='lat' dir='ltr'>vet-</span> 
     </span>
     <span class='ocr_line' id='line_1_19' title="bbox 83 1226 836 1271; baseline -0.004 -7"><span class='ocrx_word' id='word_1_130' title='bbox 83 1228 262 1264; x_wconf 81' lang='lat' dir='ltr'>sohieden</span> <span class='ocrx_word' id='word_1_131' title='bbox 294 1229 418 1263; x_wconf 85' lang='lat' dir='ltr'>davon</span> <span class='ocrx_word' id='word_1_132' title='bbox 448 1226 498 1263; x_wconf 83' lang='lat' dir='ltr'>ist</span> <span class='ocrx_word' id='word_1_133' title='bbox 530 1239 560 1263; x_wconf 87' lang='lat' dir='ltr'>c.</span> <span class='ocrx_word' id='word_1_134' title='bbox 588 1231 649 1271; x_wconf 91' lang='lat'>58,</span> <span class='ocrx_word' id='word_1_135' title='bbox 685 1231 741 1261; x_wconf 88' lang='grc'>21.</span> <span class='ocrx_word' id='word_1_136' title='bbox 774 1227 836 1271; x_wconf 90' lang='lat' dir='ltr'>IV,</span> 
     </span>
     <span class='ocr_line' id='line_1_20' title="bbox 85 1272 842 1321; baseline -0.004 -9"><span class='ocrx_word' id='word_1_137' title='bbox 85 1280 141 1321; x_wconf 88' lang='lat'>11,</span> <span class='ocrx_word' id='word_1_138' title='bbox 168 1280 189 1312; x_wconf 91' lang='grc'>8</span> <span class='ocrx_word' id='word_1_139' title='bbox 223 1277 402 1311; x_wconf 77' lang='lat' dir='ltr'>remittere</span> <span class='ocrx_word' id='word_1_140' title='bbox 423 1276 483 1320; x_wconf 90' lang='lat'>(=</span> <span class='ocrx_word' id='word_1_141' title='bbox 510 1272 673 1319; x_wconf 78' lang='grc' dir='ltr'><em>ἀνιέναι)</em></span> <span class='ocrx_word' id='word_1_142' title='bbox 704 1275 842 1310; x_wconf 80' lang='lat' dir='ltr'>‘nach-</span> 
     </span>
     <span class='ocr_line' id='line_1_21' title="bbox 82 1322 662 1366; baseline -0.003 -7"><span class='ocrx_word' id='word_1_143' title='bbox 82 1324 222 1366; x_wconf 68' lang='grc'>1363611,</span> <span class='ocrx_word' id='word_1_144' title='bbox 253 1324 472 1358; x_wconf 82' lang='lat' dir='ltr'>verzichten</span> <span class='ocrx_word' id='word_1_145' title='bbox 499 1322 566 1357; x_wconf 83' lang='lat' dir='ltr'>auf</span> <span class='ocrx_word' id='word_1_146' title='bbox 590 1323 662 1357; x_wconf 90' lang='lat'>—&#39;.</span> 
     </span>
    </p>

    <p class='ocr_par' dir='ltr' id='par_1_8' title="bbox 82 1370 846 2034">
     <span class='ocr_line' id='line_1_22' title="bbox 132 1370 837 1416; baseline -0.003 -10"><span class='ocrx_word' id='word_1_147' title='bbox 132 1375 164 1407; x_wconf 85' lang='lat'>9.</span> <span class='ocrx_word' id='word_1_148' title='bbox 191 1372 345 1416; x_wconf 78' lang='lat' dir='ltr'>denique</span> <span class='ocrx_word' id='word_1_149' title='bbox 367 1399 373 1406; x_wconf 92' lang='lat'>.</span> <span class='ocrx_word' id='word_1_150' title='bbox 393 1399 399 1406; x_wconf 94' lang='lat'>.</span> <span class='ocrx_word' id='word_1_151' title='bbox 418 1399 424 1406; x_wconf 89' lang='lat'>.</span> <span class='ocrx_word' id='word_1_152' title='bbox 447 1372 608 1406; x_wconf 87' lang='lat' dir='ltr'>lacerare</span> <span class='ocrx_word' id='word_1_153' title='bbox 627 1370 837 1416; x_wconf 85' lang='lat' dir='ltr'>imperium]</span> 
     </span>
     <span class='ocr_line' id='line_1_23' title="bbox 82 1417 841 1454; baseline -0.003 0"><span class='ocrx_word' id='word_1_154' title='bbox 82 1418 170 1454; x_wconf 82' lang='lat' dir='ltr'>Tae.</span> <span class='ocrx_word' id='word_1_155' title='bbox 192 1418 285 1454; x_wconf 65' lang='lat' dir='ltr'>fassis</span> <span class='ocrx_word' id='word_1_156' title='bbox 305 1417 385 1453; x_wconf 89' lang='lat' dir='ltr'>sein</span> <span class='ocrx_word' id='word_1_157' title='bbox 404 1418 525 1453; x_wconf 77' lang='lat' dir='ltr'>Urteil</span> <span class='ocrx_word' id='word_1_158' title='bbox 553 1418 668 1453; x_wconf 85' lang='lat' dir='ltr'>dahin</span> <span class='ocrx_word' id='word_1_159' title='bbox 695 1429 841 1453; x_wconf 83' lang='lat' dir='ltr'>zusam-</span> 
     </span>
     <span class='ocr_line' id='line_1_24' title="bbox 83 1465 838 1511; baseline -0.003 -9"><span class='ocrx_word' id='word_1_160' title='bbox 83 1478 183 1510; x_wconf 87' lang='lat' dir='ltr'>men,</span> <span class='ocrx_word' id='word_1_161' title='bbox 204 1466 286 1501; x_wconf 82' lang='lat' dir='ltr'>dass</span> <span class='ocrx_word' id='word_1_162' title='bbox 299 1466 374 1502; x_wconf 72' lang='lat' dir='ltr'>Vit.</span> <span class='ocrx_word' id='word_1_163' title='bbox 394 1466 455 1501; x_wconf 81' lang='lat' dir='ltr'>dje</span> <span class='ocrx_word' id='word_1_164' title='bbox 473 1465 838 1511; x_wconf 80' lang='lat' dir='ltr'>Regierungsreehte</span> 
     </span>
     <span class='ocr_line' id='line_1_25' title="bbox 83 1513 841 1559; baseline -0.001 -10"><span class='ocrx_word' id='word_1_165' title='bbox 83 1514 160 1550; x_wconf 85' lang='lat' dir='ltr'>und</span> <span class='ocrx_word' id='word_1_166' title='bbox 174 1514 467 1559; x_wconf 86' lang='lat' dir='ltr'>Finanzquellen</span> <span class='ocrx_word' id='word_1_167' title='bbox 482 1514 547 1548; x_wconf 88' lang='lat' dir='ltr'>der</span> <span class='ocrx_word' id='word_1_168' title='bbox 560 1513 841 1558; x_wconf 73' lang='lat' dir='ltr'>Reichsgewalt</span> 
     </span>
     <span class='ocr_line' id='line_1_26' title="bbox 84 1560 838 1598; baseline -0.004 0"><span class='ocrx_word' id='word_1_169' title='bbox 84 1561 365 1598; x_wconf 77' lang='lat' dir='ltr'>versehleudert</span> <span class='ocrx_word' id='word_1_170' title='bbox 395 1561 505 1597; x_wconf 81' lang='lat' dir='ltr'>habe.</span> <span class='ocrx_word' id='word_1_171' title='bbox 555 1560 702 1596; x_wconf 86' lang='lat' dir='ltr'>Ebenso</span> <span class='ocrx_word' id='word_1_172' title='bbox 737 1561 838 1596; x_wconf 82' lang='lat' dir='ltr'>Suet.</span> 
     </span>
     <span class='ocr_line' id='line_1_27' title="bbox 86 1609 841 1645; baseline -0.003 0"><span class='ocrx_word' id='word_1_173' title='bbox 86 1609 164 1645; x_wconf 74' lang='lat' dir='ltr'>Vit.</span> <span class='ocrx_word' id='word_1_174' title='bbox 207 1614 249 1644; x_wconf 94' lang='lat'>15</span> <span class='ocrx_word' id='word_1_175' title='bbox 283 1610 333 1645; x_wconf 86' lang='lat' dir='ltr'>ad</span> <span class='ocrx_word' id='word_1_176' title='bbox 371 1609 601 1644; x_wconf 88' lang='lat' dir='ltr'>retinendum</span> <span class='ocrx_word' id='word_1_177' title='bbox 644 1612 841 1644; x_wconf 85' lang='lat' dir='ltr'>ceterorum</span> 
     </span>
     <span class='ocr_line' id='line_1_28' title="bbox 84 1656 842 1699; baseline -0.001 -7"><span class='ocrx_word' id='word_1_178' title='bbox 84 1658 274 1693; x_wconf 81' lang='lat' dir='ltr'>hominum</span> <span class='ocrx_word' id='word_1_179' title='bbox 298 1658 465 1692; x_wconf 85' lang='lat' dir='ltr'>studium</span> <span class='ocrx_word' id='word_1_180' title='bbox 489 1667 533 1692; x_wconf 87' lang='lat' dir='ltr'>ac</span> <span class='ocrx_word' id='word_1_181' title='bbox 558 1656 719 1699; x_wconf 80' lang='lat' dir='ltr'>favorem</span> <span class='ocrx_word' id='word_1_182' title='bbox 746 1657 842 1691; x_wconf 85' lang='lat' dir='ltr'>nihil</span> 
     </span>
     <span class='ocr_line' id='line_1_29' title="bbox 85 1704 841 1750; baseline -0.001 -10"><span class='ocrx_word' id='word_1_183' title='bbox 85 1716 162 1741; x_wconf 81' lang='lat' dir='ltr'>non</span> <span class='ocrx_word' id='word_1_184' title='bbox 187 1706 335 1750; x_wconf 87' lang='lat' dir='ltr'>publice</span> <span class='ocrx_word' id='word_1_185' title='bbox 362 1705 610 1749; x_wconf 76' lang='lat' dir='ltr'>privatimque</span> <span class='ocrx_word' id='word_1_186' title='bbox 640 1705 743 1739; x_wconf 87' lang='lat' dir='ltr'>nullo</span> <span class='ocrx_word' id='word_1_187' title='bbox 776 1704 841 1739; x_wconf 89' lang='lat' dir='ltr'>ad-</span> 
     </span>
     <span class='ocr_line' id='line_1_30' title="bbox 85 1751 841 1797; baseline -0.003 -9"><span class='ocrx_word' id='word_1_188' title='bbox 85 1753 202 1789; x_wconf 83' lang='lat' dir='ltr'>hibito</span> <span class='ocrx_word' id='word_1_189' title='bbox 232 1753 337 1788; x_wconf 88' lang='lat' dir='ltr'>modo</span> <span class='ocrx_word' id='word_1_190' title='bbox 369 1753 527 1797; x_wconf 65' lang='lat' dir='ltr'>largitus</span> <span class='ocrx_word' id='word_1_191' title='bbox 557 1755 617 1787; x_wconf 85' lang='lat' dir='ltr'>est.</span> <span class='ocrx_word' id='word_1_192' title='bbox 669 1751 741 1786; x_wconf 87' lang='lat' dir='ltr'>Zur</span> <span class='ocrx_word' id='word_1_193' title='bbox 773 1752 841 1786; x_wconf 88' lang='lat' dir='ltr'>Be-</span> 
     </span>
     <span class='ocr_line' id='line_1_31' title="bbox 87 1799 846 1846; baseline -0.003 -10"><span class='ocrx_word' id='word_1_194' title='bbox 87 1801 256 1846; x_wconf 79' lang='lat' dir='ltr'>deutnng</span> <span class='ocrx_word' id='word_1_195' title='bbox 300 1811 375 1835; x_wconf 87' lang='lat' dir='ltr'>von</span> <span class='ocrx_word' id='word_1_196' title='bbox 418 1801 579 1835; x_wconf 85' lang='lat' dir='ltr'>lacerare</span> <span class='ocrx_word' id='word_1_197' title='bbox 624 1799 700 1844; x_wconf 86' lang='lat' dir='ltr'>vgl.</span> <span class='ocrx_word' id='word_1_198' title='bbox 750 1800 846 1834; x_wconf 87' lang='lat' dir='ltr'>bona</span> 
     </span>
     <span class='ocr_line' id='line_1_32' title="bbox 84 1847 846 1893; baseline -0.003 -10"><span class='ocrx_word' id='word_1_199' title='bbox 84 1849 215 1893; x_wconf 84' lang='lat' dir='ltr'>patria</span> <span class='ocrx_word' id='word_1_200' title='bbox 239 1849 261 1883; x_wconf 93' lang='lat' dir='ltr'>l.</span> <span class='ocrx_word' id='word_1_201' title='bbox 290 1848 394 1892; x_wconf 80' lang='lat' dir='ltr'>(Sall.</span> <span class='ocrx_word' id='word_1_202' title='bbox 422 1847 502 1883; x_wconf 80' lang='lat' dir='ltr'>Cat.</span> <span class='ocrx_word' id='word_1_203' title='bbox 532 1848 602 1891; x_wconf 82' lang='lat'>14),</span> <span class='ocrx_word' id='word_1_204' title='bbox 638 1848 846 1892; x_wconf 64' lang='lat' dir='ltr'>largitioni-</span> 
     </span>
     <span class='ocr_line' id='line_1_33' title="bbox 88 1894 845 1939; baseline -0.003 -8"><span class='ocrx_word' id='word_1_205' title='bbox 88 1897 156 1931; x_wconf 85' lang='lat' dir='ltr'>bus</span> <span class='ocrx_word' id='word_1_206' title='bbox 180 1907 254 1931; x_wconf 87' lang='lat' dir='ltr'>rem</span> <span class='ocrx_word' id='word_1_207' title='bbox 272 1896 461 1939; x_wconf 78' lang='lat' dir='ltr'>publicam</span> <span class='ocrx_word' id='word_1_208' title='bbox 487 1896 509 1930; x_wconf 89' lang='lat' dir='ltr'>l.</span> <span class='ocrx_word' id='word_1_209' title='bbox 531 1895 636 1938; x_wconf 84' lang='lat' dir='ltr'>(Sall.</span> <span class='ocrx_word' id='word_1_210' title='bbox 657 1894 744 1929; x_wconf 73' lang='lat' dir='ltr'>hist.</span> <span class='ocrx_word' id='word_1_211' title='bbox 768 1896 781 1929; x_wconf 91' lang='lat' dir='ltr'>I</span> <span class='ocrx_word' id='word_1_212' title='bbox 803 1895 845 1929; x_wconf 80' lang='lat' dir='ltr'>fr.</span> 
     </span>
     <span class='ocr_line' id='line_1_34' title="bbox 88 1941 845 1987; baseline -0.001 -9"><span class='ocrx_word' id='word_1_213' title='bbox 88 1947 151 1987; x_wconf 82' lang='lat'>56,</span> <span class='ocrx_word' id='word_1_214' title='bbox 187 1947 208 1978; x_wconf 85' lang='grc'>6</span> <span class='ocrx_word' id='word_1_215' title='bbox 246 1943 302 1977; x_wconf 91' lang='lat' dir='ltr'>ed.</span> <span class='ocrx_word' id='word_1_216' title='bbox 337 1943 432 1986; x_wconf 85' lang='lat' dir='ltr'>Kr.)‚</span> <span class='ocrx_word' id='word_1_217' title='bbox 467 1943 664 1986; x_wconf 87' lang='lat' dir='ltr'>pecuniam</span> <span class='ocrx_word' id='word_1_218' title='bbox 696 1943 718 1976; x_wconf 88' lang='lat' dir='ltr'>l.</span> <span class='ocrx_word' id='word_1_219' title='bbox 754 1941 845 1986; x_wconf 88' lang='lat' dir='ltr'>(Cic.</span> 
     </span>
     <span class='ocr_line' id='line_1_35' title="bbox 89 1989 612 2034; baseline -0.004 -8"><span class='ocrx_word' id='word_1_220' title='bbox 89 2001 166 2026; x_wconf 85' lang='lat' dir='ltr'>acc.</span> <span class='ocrx_word' id='word_1_221' title='bbox 194 1989 234 2024; x_wconf 88' lang='lat' dir='ltr'>in</span> <span class='ocrx_word' id='word_1_222' title='bbox 258 1990 364 2026; x_wconf 86' lang='lat' dir='ltr'>Verr.</span> <span class='ocrx_word' id='word_1_223' title='bbox 391 1989 443 2023; x_wconf 87' lang='grc' dir='ltr'>ΠΙ</span> <span class='ocrx_word' id='word_1_224' title='bbox 468 1993 488 2032; x_wconf 64' lang='grc' dir='ltr'>ξ</span> <span class='ocrx_word' id='word_1_225' title='bbox 519 1991 612 2034; x_wconf 84' lang='grc'>164).</span> 
     </span>
    </p>

    <p class='ocr_par' dir='ltr' id='par_1_9' title="bbox 87 2036 848 2274">
     <span class='ocr_line' id='line_1_36' title="bbox 140 2036 846 2083; baseline -0.004 -10"><span class='ocrx_word' id='word_1_226' title='bbox 140 2042 195 2073; x_wconf 91' lang='grc'>11.</span> <span class='ocrx_word' id='word_1_227' title='bbox 233 2037 357 2083; x_wconf 77' lang='lat' dir='ltr'>hians]</span> <span class='ocrx_word' id='word_1_228' title='bbox 398 2037 575 2083; x_wconf 77' lang='lat' dir='ltr'>‘gierig&#39;.</span> <span class='ocrx_word' id='word_1_229' title='bbox 627 2036 712 2082; x_wconf 83' lang='lat' dir='ltr'>Vgl.</span> <span class='ocrx_word' id='word_1_230' title='bbox 747 2037 774 2080; x_wconf 90' lang='grc' dir='ltr'>Ι,</span> <span class='ocrx_word' id='word_1_231' title='bbox 804 2040 846 2070; x_wconf 91' lang='grc'>12</span> 
     </span>
     <span class='ocr_line' id='line_1_37' title="bbox 87 2085 848 2130; baseline -0.001 -10"><span class='ocrx_word' id='word_1_232' title='bbox 87 2086 232 2121; x_wconf 80' lang='lat' dir='ltr'>hiantes</span> <span class='ocrx_word' id='word_1_233' title='bbox 251 2086 293 2120; x_wconf 86' lang='lat' dir='ltr'>in</span> <span class='ocrx_word' id='word_1_234' title='bbox 311 2096 447 2130; x_wconf 66' lang='lat' dir='ltr'>magna</span> <span class='ocrx_word' id='word_1_235' title='bbox 467 2085 621 2128; x_wconf 76' lang='lat' dir='ltr'>fortuna</span> <span class='ocrx_word' id='word_1_236' title='bbox 647 2085 848 2119; x_wconf 86' lang='lat' dir='ltr'>amicorum</span> 
     </span>
     <span class='ocr_line' id='line_1_38' title="bbox 90 2132 847 2178; baseline -0.003 -10"><span class='ocrx_word' id='word_1_237' title='bbox 90 2133 329 2178; x_wconf 84' lang='lat' dir='ltr'>cupiditates;</span> <span class='ocrx_word' id='word_1_238' title='bbox 357 2132 421 2167; x_wconf 79' lang='lat' dir='ltr'>Sil.</span> <span class='ocrx_word' id='word_1_239' title='bbox 451 2133 541 2167; x_wconf 89' lang='lat' dir='ltr'>Pun.</span> <span class='ocrx_word' id='word_1_240' title='bbox 569 2132 631 2176; x_wconf 86' lang='lat' dir='ltr'>XI,</span> <span class='ocrx_word' id='word_1_241' title='bbox 659 2135 703 2167; x_wconf 87' lang='lat'>35</span> <span class='ocrx_word' id='word_1_242' title='bbox 726 2143 847 2177; x_wconf 87' lang='lat' dir='ltr'>popu-</span> 
     </span>
     <span class='ocr_line' id='line_1_39' title="bbox 89 2179 848 2222; baseline -0.003 -6"><span class='ocrx_word' id='word_1_243' title='bbox 89 2181 166 2216; x_wconf 85' lang='lat' dir='ltr'>lum</span> <span class='ocrx_word' id='word_1_244' title='bbox 190 2181 367 2222; x_wconf 81' lang='lat' dir='ltr'>hiantem;</span> <span class='ocrx_word' id='word_1_245' title='bbox 398 2180 473 2216; x_wconf 82' lang='lat' dir='ltr'>Cic.</span> <span class='ocrx_word' id='word_1_246' title='bbox 507 2191 581 2215; x_wconf 87' lang='grc'>366.</span> <span class='ocrx_word' id='word_1_247' title='bbox 609 2179 649 2214; x_wconf 88' lang='grc'>111</span> <span class='ocrx_word' id='word_1_248' title='bbox 674 2179 778 2215; x_wconf 76' lang='lat' dir='ltr'>Vei-r.</span> <span class='ocrx_word' id='word_1_249' title='bbox 814 2179 848 2214; x_wconf 83' lang='lat'>11</span> 
     </span>
     <span class='ocr_line' id='line_1_40' title="bbox 89 2228 848 2274; baseline -0.001 -11"><span class='ocrx_word' id='word_1_250' title='bbox 89 2231 112 2271; x_wconf 64' lang='grc' dir='ltr'>ξ</span> <span class='ocrx_word' id='word_1_251' title='bbox 142 2231 210 2263; x_wconf 86' lang='grc'>134</span> <span class='ocrx_word' id='word_1_252' title='bbox 239 2228 404 2263; x_wconf 84' lang='lat' dir='ltr'>avaritia</span> <span class='ocrx_word' id='word_1_253' title='bbox 428 2239 566 2274; x_wconf 78' lang='lat' dir='ltr'>semper</span> <span class='ocrx_word' id='word_1_254' title='bbox 589 2228 715 2263; x_wconf 77' lang='lat' dir='ltr'>hiante</span> <span class='ocrx_word' id='word_1_255' title='bbox 741 2231 848 2272; x_wconf 76' lang='lat' dir='ltr'>atque</span> 
     </span>
    </p>

    <p class='ocr_par' dir='ltr' id='par_1_10' title="bbox 141 2322 774 2367">
     <span class='ocr_line' id='line_1_41' title="bbox 141 2322 774 2367; baseline -0.003 -8"><span class='ocrx_word' id='word_1_256' title='bbox 141 2327 197 2359; x_wconf 90' lang='grc'>12.</span> <span class='ocrx_word' id='word_1_257' title='bbox 223 2334 348 2359; x_wconf 84' lang='lat' dir='ltr'>cassus</span> <span class='ocrx_word' id='word_1_258' title='bbox 375 2323 471 2358; x_wconf 81' lang='lat' dir='ltr'>‘null</span> <span class='ocrx_word' id='word_1_259' title='bbox 496 2322 574 2358; x_wconf 86' lang='lat' dir='ltr'>und</span> <span class='ocrx_word' id='word_1_260' title='bbox 598 2322 774 2367; x_wconf 74' lang='lat' dir='ltr'>niehtig’.</span> 
     </span>
    </p>

    <p class='ocr_par' dir='ltr' id='par_1_11' title="bbox 91 2369 850 2454">
     <span class='ocr_line' id='line_1_42' title="bbox 139 2369 850 2417; baseline -0.003 -11"><span class='ocrx_word' id='word_1_261' title='bbox 139 2372 244 2406; x_wconf 82' lang='lat' dir='ltr'>salva</span> <span class='ocrx_word' id='word_1_262' title='bbox 277 2382 317 2406; x_wconf 89' lang='lat' dir='ltr'>re</span> <span class='ocrx_word' id='word_1_263' title='bbox 343 2370 515 2417; x_wconf 85' lang='lat' dir='ltr'>publica]</span> <span class='ocrx_word' id='word_1_264' title='bbox 558 2370 676 2405; x_wconf 76' lang='lat' dir='ltr'>‘ohne</span> <span class='ocrx_word' id='word_1_265' title='bbox 710 2369 850 2405; x_wconf 82' lang='lat' dir='ltr'>Gefahr</span> 
     </span>
     <span class='ocr_line' id='line_1_43' title="bbox 91 2417 416 2454; baseline -0.003 0"><span class='ocrx_word' id='word_1_266' title='bbox 91 2417 153 2454; x_wconf 77' lang='lat' dir='ltr'>fiir</span> <span class='ocrx_word' id='word_1_267' title='bbox 179 2417 254 2453; x_wconf 87' lang='lat' dir='ltr'>den</span> <span class='ocrx_word' id='word_1_268' title='bbox 279 2418 416 2453; x_wconf 76' lang='lat' dir='ltr'>Staat’.</span> 
     </span>
    </p>

    <p class='ocr_par' dir='ltr' id='par_1_12' title="bbox 93 2464 848 2558">
     <span class='ocr_line' id='line_1_44' title="bbox 142 2464 848 2510; baseline -0.004 -9"><span class='ocrx_word' id='word_1_269' title='bbox 142 2470 198 2501; x_wconf 91' lang='lat'>13.</span> <span class='ocrx_word' id='word_1_270' title='bbox 228 2466 410 2501; x_wconf 83' lang='lat' dir='ltr'>Mevania</span> <span class='ocrx_word' id='word_1_271' title='bbox 446 2465 487 2510; x_wconf 82' lang='lat' dir='ltr'>(j.</span> <span class='ocrx_word' id='word_1_272' title='bbox 514 2465 705 2510; x_wconf 77' lang='lat' dir='ltr'>Bevagna)</span> <span class='ocrx_word' id='word_1_273' title='bbox 737 2464 848 2499; x_wconf 88' lang='lat' dir='ltr'>nord-</span> 
     </span>
     <span class='ocr_line' id='line_1_45' title="bbox 93 2511 848 2558; baseline 0 -10"><span class='ocrx_word' id='word_1_274' title='bbox 93 2513 268 2549; x_wconf 76' lang='lat' dir='ltr'>westlich</span> <span class='ocrx_word' id='word_1_275' title='bbox 291 2525 364 2548; x_wconf 85' lang='lat' dir='ltr'>von</span> <span class='ocrx_word' id='word_1_276' title='bbox 379 2513 590 2558; x_wconf 79' lang='lat' dir='ltr'>Spoletium</span> <span class='ocrx_word' id='word_1_277' title='bbox 603 2512 644 2546; x_wconf 86' lang='lat' dir='ltr'>in</span> <span class='ocrx_word' id='word_1_278' title='bbox 657 2511 848 2548; x_wconf 85' lang='lat' dir='ltr'>Umbrien.</span> 
     </span>
    </p>

    <p class='ocr_par' dir='ltr' id='par_1_13' title="bbox 93 2560 853 2928">
     <span class='ocr_line' id='line_1_46' title="bbox 143 2560 848 2605; baseline -0.001 -10"><span class='ocrx_word' id='word_1_279' title='bbox 143 2564 198 2596; x_wconf 93' lang='grc'>14.</span> <span class='ocrx_word' id='word_1_280' title='bbox 224 2561 376 2596; x_wconf 86' lang='lat' dir='ltr'>ambitio</span> <span class='ocrx_word' id='word_1_281' title='bbox 405 2560 487 2595; x_wconf 82' lang='lat' dir='ltr'>‘der</span> <span class='ocrx_word' id='word_1_282' title='bbox 513 2560 679 2595; x_wconf 79' lang='lat' dir='ltr'>Wunsch</span> <span class='ocrx_word' id='word_1_283' title='bbox 702 2560 848 2605; x_wconf 86' lang='lat' dir='ltr'>jeman-</span> 
     </span>
     <span class='ocr_line' id='line_1_47' title="bbox 93 2607 847 2653; baseline -0.001 -10"><span class='ocrx_word' id='word_1_284' title='bbox 93 2608 178 2643; x_wconf 89' lang='lat' dir='ltr'>dem</span> <span class='ocrx_word' id='word_1_285' title='bbox 202 2619 247 2643; x_wconf 88' lang='lat' dir='ltr'>zu</span> <span class='ocrx_word' id='word_1_286' title='bbox 266 2607 442 2653; x_wconf 83' lang='lat' dir='ltr'>gesallen,</span> <span class='ocrx_word' id='word_1_287' title='bbox 471 2607 532 2643; x_wconf 89' lang='lat' dir='ltr'>die</span> <span class='ocrx_word' id='word_1_288' title='bbox 553 2607 847 2651; x_wconf 88' lang='lat' dir='ltr'>Liebedienerei,</span> 
     </span>
     <span class='ocr_line' id='line_1_48' title="bbox 94 2655 853 2701; baseline 0 -11"><span class='ocrx_word' id='word_1_289' title='bbox 94 2655 406 2691; x_wconf 78' lang='lat' dir='ltr'>Wohldjenerei&#39;.</span> <span class='ocrx_word' id='word_1_290' title='bbox 429 2655 553 2701; x_wconf 87' lang='lat' dir='ltr'>Vg1.1‚</span> <span class='ocrx_word' id='word_1_291' title='bbox 569 2658 613 2690; x_wconf 87' lang='grc'>88</span> <span class='ocrx_word' id='word_1_292' title='bbox 624 2665 688 2689; x_wconf 87' lang='lat' dir='ltr'>nec</span> <span class='ocrx_word' id='word_1_293' title='bbox 702 2655 853 2690; x_wconf 81' lang='lat' dir='ltr'>deerant</span> 
     </span>
     <span class='ocr_line' id='line_1_49' title="bbox 97 2703 851 2748; baseline -0.001 -10"><span class='ocrx_word' id='word_1_294' title='bbox 97 2714 115 2738; x_wconf 90' lang='lat' dir='ltr'>e</span> <span class='ocrx_word' id='word_1_295' title='bbox 130 2704 328 2746; x_wconf 83' lang='lat' dir='ltr'>contrario,</span> <span class='ocrx_word' id='word_1_296' title='bbox 343 2704 407 2748; x_wconf 78' lang='lat' dir='ltr'>qui</span> <span class='ocrx_word' id='word_1_297' title='bbox 417 2704 614 2738; x_wconf 82' lang='lat' dir='ltr'>ambitione</span> <span class='ocrx_word' id='word_1_298' title='bbox 622 2703 758 2738; x_wconf 90' lang='lat' dir='ltr'>stolida</span> <span class='ocrx_word' id='word_1_299' title='bbox 769 2713 851 2737; x_wconf 86' lang='lat' dir='ltr'>con-</span> 
     </span>
     <span class='ocr_line' id='line_1_50' title="bbox 95 2751 852 2796; baseline 0 -11"><span class='ocrx_word' id='word_1_300' title='bbox 95 2751 227 2794; x_wconf 84' lang='lat' dir='ltr'>spicua</span> <span class='ocrx_word' id='word_1_301' title='bbox 246 2762 364 2794; x_wconf 87' lang='lat' dir='ltr'>arma,</span> <span class='ocrx_word' id='word_1_302' title='bbox 384 2751 546 2796; x_wconf 79' lang='lat' dir='ltr'>insiynes</span> <span class='ocrx_word' id='word_1_303' title='bbox 565 2760 682 2795; x_wconf 76' lang='lat' dir='ltr'>equos,</span> <span class='ocrx_word' id='word_1_304' title='bbox 702 2751 852 2795; x_wconf 79' lang='lat' dir='ltr'>quidam</span> 
     </span>
     <span class='ocr_line' id='line_1_51' title="bbox 98 2798 852 2843; baseline -0.001 -10"><span class='ocrx_word' id='word_1_305' title='bbox 98 2798 308 2833; x_wconf 74' lang='lat' dir='ltr'>luxuriosos</span> <span class='ocrx_word' id='word_1_306' title='bbox 327 2802 533 2843; x_wconf 83' lang='lat' dir='ltr'>apparatus</span> <span class='ocrx_word' id='word_1_307' title='bbox 552 2798 800 2833; x_wconf 83' lang='lat' dir='ltr'>conviviorum</span> <span class='ocrx_word' id='word_1_308' title='bbox 820 2802 852 2833; x_wconf 87' lang='lat' dir='ltr'>et</span> 
     </span>
     <span class='ocr_line' id='line_1_52' title="bbox 94 2845 851 2890; baseline -0.001 -10"><span class='ocrx_word' id='word_1_309' title='bbox 94 2845 336 2881; x_wconf 79' lang='lat' dir='ltr'>inritamenta</span> <span class='ocrx_word' id='word_1_310' title='bbox 357 2846 553 2880; x_wconf 79' lang='lat' dir='ltr'>libidinum</span> <span class='ocrx_word' id='word_1_311' title='bbox 571 2849 613 2880; x_wconf 89' lang='lat' dir='ltr'>ut</span> <span class='ocrx_word' id='word_1_312' title='bbox 631 2847 851 2890; x_wconf 57' lang='lat' dir='ltr'>instrumen-</span> 
     </span>
     <span class='ocr_line' id='line_1_53' title="bbox 96 2892 849 2928; baseline 0.003 -2"><span class='ocrx_word' id='word_1_313' title='bbox 96 2895 175 2927; x_wconf 86' lang='lat' dir='ltr'>tum</span> <span class='ocrx_word' id='word_1_314' title='bbox 211 2893 295 2928; x_wconf 89' lang='lat' dir='ltr'>belli</span> <span class='ocrx_word' id='word_1_315' title='bbox 331 2896 592 2928; x_wconf 82' lang='lat' dir='ltr'>mercarentur.</span> <span class='ocrx_word' id='word_1_316' title='bbox 648 2892 750 2928; x_wconf 78' lang='lat' dir='ltr'>Uber</span> <span class='ocrx_word' id='word_1_317' title='bbox 789 2892 849 2928; x_wconf 88' lang='lat' dir='ltr'>die</span> 
     </span>
    </p>
   </div>
   <div class='ocr_carea' id='block_1_8' title="bbox 948 861 1665 913">
    <p class='ocr_par' dir='ltr' id='par_1_14' title="bbox 948 861 1665 913">
     <span class='ocr_line' id='line_1_54' title="bbox 948 861 1665 913; baseline 0.001 -13"><span class='ocrx_word' id='word_1_318' title='bbox 948 861 1015 900; x_wconf 90' lang='lat' dir='ltr'>sed</span> <span class='ocrx_word' id='word_1_319' title='bbox 1057 864 1318 913; x_wconf 84' lang='lat' dir='ltr'>praecipuum</span> <span class='ocrx_word' id='word_1_320' title='bbox 1357 864 1442 913; x_wconf 89' lang='lat' dir='ltr'>ipse</span> <span class='ocrx_word' id='word_1_321' title='bbox 1484 861 1665 901; x_wconf 88' lang='lat' dir='ltr'>Vitellius</span> 
     </span>
    </p>
   </div>
   <div class='ocr_carea' id='block_1_9' title="bbox 910 987 1682 2936">
    <p class='ocr_par' dir='ltr' id='par_1_15' title="bbox 910 987 1671 1080">
     <span class='ocr_line' id='line_1_55' title="bbox 912 987 1671 1034; baseline 0.001 -12"><span class='ocrx_word' id='word_1_322' title='bbox 912 987 1261 1034; x_wconf 76' lang='lat' dir='ltr'>Grundbedeutung</span> <span class='ocrx_word' id='word_1_323' title='bbox 1294 989 1358 1024; x_wconf 87' lang='lat' dir='ltr'>des</span> <span class='ocrx_word' id='word_1_324' title='bbox 1385 989 1536 1024; x_wconf 81' lang='lat' dir='ltr'>Wortes</span> <span class='ocrx_word' id='word_1_325' title='bbox 1570 1001 1597 1024; x_wconf 89' lang='lat' dir='ltr'>s.</span> <span class='ocrx_word' id='word_1_326' title='bbox 1626 1000 1671 1023; x_wconf 89' lang='lat' dir='ltr'>zu</span> 
     </span>
     <span class='ocr_line' id='line_1_56' title="bbox 910 1036 1051 1080; baseline 0 -10"><span class='ocrx_word' id='word_1_327' title='bbox 910 1036 938 1080; x_wconf 85' lang='grc' dir='ltr'>Ι,</span> <span class='ocrx_word' id='word_1_328' title='bbox 967 1039 999 1078; x_wconf 89' lang='lat'>1,</span> <span class='ocrx_word' id='word_1_329' title='bbox 1020 1039 1051 1070; x_wconf 87' lang='lat'>9.</span> 
     </span>
    </p>

    <p class='ocr_par' dir='ltr' id='par_1_16' title="bbox 911 1082 1672 1453">
     <span class='ocr_line' id='line_1_57' title="bbox 962 1082 1670 1128; baseline 0 -11"><span class='ocrx_word' id='word_1_330' title='bbox 962 1087 1016 1118; x_wconf 92' lang='lat'>15.</span> <span class='ocrx_word' id='word_1_331' title='bbox 1045 1084 1207 1118; x_wconf 82' lang='lat' dir='ltr'>incertus</span> <span class='ocrx_word' id='word_1_332' title='bbox 1227 1084 1359 1128; x_wconf 80' lang='lat' dir='ltr'>animi]</span> <span class='ocrx_word' id='word_1_333' title='bbox 1383 1083 1504 1119; x_wconf 77' lang='lat' dir='ltr'>‘nicht</span> <span class='ocrx_word' id='word_1_334' title='bbox 1524 1083 1597 1118; x_wconf 79' lang='lat' dir='ltr'>fest</span> <span class='ocrx_word' id='word_1_335' title='bbox 1618 1082 1670 1117; x_wconf 88' lang='lat' dir='ltr'>im</span> 
     </span>
     <span class='ocr_line' id='line_1_58' title="bbox 912 1130 1671 1166; baseline -0.001 0"><span class='ocrx_word' id='word_1_336' title='bbox 912 1130 1039 1166; x_wconf 86' lang='lat' dir='ltr'>Sinne’</span> <span class='ocrx_word' id='word_1_337' title='bbox 1083 1130 1117 1166; x_wconf 90' lang='lat' dir='ltr'>d.</span> <span class='ocrx_word' id='word_1_338' title='bbox 1151 1131 1174 1166; x_wconf 88' lang='lat' dir='ltr'>i.</span> <span class='ocrx_word' id='word_1_339' title='bbox 1217 1130 1301 1166; x_wconf 84' lang='lat' dir='ltr'>‘bei</span> <span class='ocrx_word' id='word_1_340' title='bbox 1341 1131 1420 1166; x_wconf 81' lang='lat' dir='ltr'>sich</span> <span class='ocrx_word' id='word_1_341' title='bbox 1453 1131 1570 1166; x_wconf 78' lang='lat' dir='ltr'>selbst</span> <span class='ocrx_word' id='word_1_342' title='bbox 1605 1143 1671 1165; x_wconf 87' lang='lat' dir='ltr'>un-</span> 
     </span>
     <span class='ocr_line' id='line_1_59' title="bbox 911 1178 1671 1224; baseline 0 -11"><span class='ocrx_word' id='word_1_343' title='bbox 911 1179 1110 1224; x_wconf 74' lang='lat' dir='ltr'>sehli&#39;issig’</span> <span class='ocrx_word' id='word_1_344' title='bbox 1136 1178 1221 1223; x_wconf 84' lang='lat' dir='ltr'>(wie</span> <span class='ocrx_word' id='word_1_345' title='bbox 1242 1180 1284 1213; x_wconf 90' lang='lat' dir='ltr'>A.</span> <span class='ocrx_word' id='word_1_346' title='bbox 1307 1179 1370 1221; x_wconf 80' lang='lat' dir='ltr'>VI,</span> <span class='ocrx_word' id='word_1_347' title='bbox 1387 1180 1446 1223; x_wconf 80' lang='grc'>46)</span> <span class='ocrx_word' id='word_1_348' title='bbox 1467 1179 1566 1214; x_wconf 86' lang='grc'>113611</span> <span class='ocrx_word' id='word_1_349' title='bbox 1584 1179 1671 1213; x_wconf 87' lang='lat' dir='ltr'>dem</span> 
     </span>
     <span class='ocr_line' id='line_1_60' title="bbox 911 1226 1671 1272; baseline 0 -12"><span class='ocrx_word' id='word_1_350' title='bbox 911 1226 1114 1272; x_wconf 80' lang='lat' dir='ltr'>Vorgange</span> <span class='ocrx_word' id='word_1_351' title='bbox 1141 1238 1215 1262; x_wconf 86' lang='lat' dir='ltr'>von</span> <span class='ocrx_word' id='word_1_352' title='bbox 1242 1226 1330 1261; x_wconf 78' lang='lat' dir='ltr'>Sall.</span> <span class='ocrx_word' id='word_1_353' title='bbox 1358 1227 1444 1261; x_wconf 78' lang='lat' dir='ltr'>hist.</span> <span class='ocrx_word' id='word_1_354' title='bbox 1473 1226 1525 1260; x_wconf 88' lang='grc' dir='ltr'>ΙΙΙ</span> <span class='ocrx_word' id='word_1_355' title='bbox 1552 1226 1596 1262; x_wconf 86' lang='lat' dir='ltr'>fr.</span> <span class='ocrx_word' id='word_1_356' title='bbox 1626 1230 1671 1261; x_wconf 84' lang='lat'>91</span> 
     </span>
     <span class='ocr_line' id='line_1_61' title="bbox 917 1273 1669 1318; baseline 0.003 -10"><span class='ocrx_word' id='word_1_357' title='bbox 917 1274 987 1317; x_wconf 89' lang='lat' dir='ltr'>(ed.</span> <span class='ocrx_word' id='word_1_358' title='bbox 1008 1274 1094 1318; x_wconf 85' lang='lat' dir='ltr'>K1·.);</span> <span class='ocrx_word' id='word_1_359' title='bbox 1120 1273 1171 1307; x_wconf 89' lang='lat' dir='ltr'>IV</span> <span class='ocrx_word' id='word_1_360' title='bbox 1195 1275 1237 1310; x_wconf 84' lang='lat' dir='ltr'>fr.</span> <span class='ocrx_word' id='word_1_361' title='bbox 1250 1278 1304 1309; x_wconf 83' lang='lat'>72.</span> <span class='ocrx_word' id='word_1_362' title='bbox 1342 1274 1420 1309; x_wconf 81' lang='lat' dir='ltr'>Liv.</span> <span class='ocrx_word' id='word_1_363' title='bbox 1443 1274 1470 1317; x_wconf 94' lang='lat' dir='ltr'>I,</span> <span class='ocrx_word' id='word_1_364' title='bbox 1495 1279 1524 1318; x_wconf 76' lang='lat'>7,</span> <span class='ocrx_word' id='word_1_365' title='bbox 1547 1278 1567 1309; x_wconf 89' lang='grc'><strong>6</strong></span> <span class='ocrx_word' id='word_1_366' title='bbox 1583 1285 1617 1308; x_wconf 88' lang='grc'>11.</span> <span class='ocrx_word' id='word_1_367' title='bbox 1636 1278 1669 1310; x_wconf 88' lang='grc' dir='ltr'>ὃ.</span> 
     </span>
     <span class='ocr_line' id='line_1_62' title="bbox 916 1321 1672 1367; baseline 0 -11"><span class='ocrx_word' id='word_1_368' title='bbox 916 1321 1002 1367; x_wconf 78' lang='lat' dir='ltr'>Vgl.</span> <span class='ocrx_word' id='word_1_369' title='bbox 1025 1321 1117 1356; x_wconf 74' lang='lat' dir='ltr'>iiber</span> <span class='ocrx_word' id='word_1_370' title='bbox 1138 1323 1256 1357; x_wconf 83' lang='lat' dir='ltr'>animi</span> <span class='ocrx_word' id='word_1_371' title='bbox 1276 1321 1441 1367; x_wconf 79' lang='lat' dir='ltr'>Madvig.</span> <span class='ocrx_word' id='word_1_372' title='bbox 1459 1325 1478 1364; x_wconf 64' lang='grc' dir='ltr'>ἓ</span> <span class='ocrx_word' id='word_1_373' title='bbox 1494 1325 1562 1357; x_wconf 89' lang='grc'>289</span> <span class='ocrx_word' id='word_1_374' title='bbox 1580 1322 1621 1356; x_wconf 87' lang='grc' dir='ltr'>Α.</span> <span class='ocrx_word' id='word_1_375' title='bbox 1639 1325 1672 1356; x_wconf 88' lang='grc'>3.</span> 
     </span>
     <span class='ocr_line' id='line_1_63' title="bbox 915 1369 1672 1415; baseline 0 -11"><span class='ocrx_word' id='word_1_376' title='bbox 915 1369 1102 1412; x_wconf 82' lang='lat' dir='ltr'>Heraeus,</span> <span class='ocrx_word' id='word_1_377' title='bbox 1150 1370 1213 1404; x_wconf 74' lang='lat' dir='ltr'>lat.</span> <span class='ocrx_word' id='word_1_378' title='bbox 1262 1369 1432 1415; x_wconf 85' lang='lat' dir='ltr'>Schulgr.</span> <span class='ocrx_word' id='word_1_379' title='bbox 1473 1374 1492 1412; x_wconf 63' lang='grc' dir='ltr'>ξ</span> <span class='ocrx_word' id='word_1_380' title='bbox 1521 1374 1610 1413; x_wconf 85' lang='grc'>109,</span> <span class='ocrx_word' id='word_1_381' title='bbox 1652 1373 1672 1404; x_wconf 91' lang='grc'><strong>3</strong></span> 
     </span>
     <span class='ocr_line' id='line_1_64' title="bbox 915 1416 1086 1453; baseline 0.006 -2"><span class='ocrx_word' id='word_1_382' title='bbox 915 1416 1027 1453; x_wconf 86' lang='grc' dir='ltr'>Α11111,</span> <span class='ocrx_word' id='word_1_383' title='bbox 1055 1421 1086 1452; x_wconf 84' lang='grc'>2.</span> 
     </span>
    </p>

    <p class='ocr_par' dir='ltr' id='par_1_17' title="bbox 914 1463 1674 1651">
     <span class='ocr_line' id='line_1_65' title="bbox 961 1463 1674 1510; baseline 0.004 -12"><span class='ocrx_word' id='word_1_384' title='bbox 961 1465 1090 1508; x_wconf 74' lang='lat' dir='ltr'>infidis</span> <span class='ocrx_word' id='word_1_385' title='bbox 1113 1465 1292 1510; x_wconf 84' lang='lat' dir='ltr'>consiliis]</span> <span class='ocrx_word' id='word_1_386' title='bbox 1311 1475 1450 1509; x_wconf 82' lang='lat' dir='ltr'>eorum,</span> <span class='ocrx_word' id='word_1_387' title='bbox 1474 1464 1538 1509; x_wconf 83' lang='lat' dir='ltr'>qui</span> <span class='ocrx_word' id='word_1_388' title='bbox 1558 1463 1674 1501; x_wconf 86' lang='lat' dir='ltr'>infido</span> 
     </span>
     <span class='ocr_line' id='line_1_66' title="bbox 914 1512 1674 1558; baseline 0.003 -12"><span class='ocrx_word' id='word_1_389' title='bbox 914 1512 1038 1547; x_wconf 80' lang='lat' dir='ltr'>animo</span> <span class='ocrx_word' id='word_1_390' title='bbox 1060 1512 1106 1547; x_wconf 84' lang='lat' dir='ltr'>ab</span> <span class='ocrx_word' id='word_1_391' title='bbox 1134 1512 1215 1557; x_wconf 85' lang='lat' dir='ltr'>ipso</span> <span class='ocrx_word' id='word_1_392' title='bbox 1244 1512 1407 1549; x_wconf 74' lang='lat' dir='ltr'>stabant.</span> <span class='ocrx_word' id='word_1_393' title='bbox 1459 1512 1545 1558; x_wconf 87' lang='lat' dir='ltr'>Vgl.</span> <span class='ocrx_word' id='word_1_394' title='bbox 1572 1523 1602 1549; x_wconf 86' lang='grc'>6.</span> <span class='ocrx_word' id='word_1_395' title='bbox 1631 1516 1674 1548; x_wconf 88' lang='lat'>58</span> 
     </span>
     <span class='ocr_line' id='line_1_67' title="bbox 914 1561 1674 1606; baseline 0.003 -12"><span class='ocrx_word' id='word_1_396' title='bbox 914 1561 1118 1595; x_wconf 88' lang='lat' dir='ltr'>amicorum</span> <span class='ocrx_word' id='word_1_397' title='bbox 1152 1561 1231 1595; x_wconf 82' lang='lat' dir='ltr'>eius</span> <span class='ocrx_word' id='word_1_398' title='bbox 1255 1563 1393 1605; x_wconf 76' lang='lat' dir='ltr'>quanto</span> <span class='ocrx_word' id='word_1_399' title='bbox 1420 1561 1502 1606; x_wconf 77' lang='lat' dir='ltr'>quis</span> <span class='ocrx_word' id='word_1_400' title='bbox 1528 1561 1674 1605; x_wconf 79' lang='lat' dir='ltr'>clarior,</span> 
     </span>
     <span class='ocr_line' id='line_1_68' title="bbox 914 1608 1175 1651; baseline 0.004 -9"><span class='ocrx_word' id='word_1_401' title='bbox 914 1608 1038 1643; x_wconf 84' lang='lat' dir='ltr'>minus</span> <span class='ocrx_word' id='word_1_402' title='bbox 1062 1608 1175 1651; x_wconf 76' lang='lat' dir='ltr'>fidus.</span> 
     </span>
    </p>

    <p class='ocr_par' dir='ltr' id='par_1_18' title="bbox 966 1655 1547 1701">
     <span class='ocr_line' id='line_1_69' title="bbox 966 1655 1547 1701; baseline 0.002 -11"><span class='ocrx_word' id='word_1_403' title='bbox 966 1660 1021 1691; x_wconf 87' lang='grc'>16.</span> <span class='ocrx_word' id='word_1_404' title='bbox 1049 1655 1244 1701; x_wconf 73' lang='lat' dir='ltr'>obnoxius]</span> <span class='ocrx_word' id='word_1_405' title='bbox 1273 1667 1299 1690; x_wconf 87' lang='lat' dir='ltr'>s.</span> <span class='ocrx_word' id='word_1_406' title='bbox 1328 1667 1373 1690; x_wconf 85' lang='lat' dir='ltr'>zu</span> <span class='ocrx_word' id='word_1_407' title='bbox 1398 1656 1426 1699; x_wconf 93' lang='grc' dir='ltr'>Ι,</span> <span class='ocrx_word' id='word_1_408' title='bbox 1456 1660 1488 1698; x_wconf 92' lang='grc'>1,</span> <span class='ocrx_word' id='word_1_409' title='bbox 1515 1660 1547 1691; x_wconf 89' lang='grc'>9.</span> 
     </span>
    </p>

    <p class='ocr_par' dir='ltr' id='par_1_19' title="bbox 919 1703 1679 1795">
     <span class='ocr_line' id='line_1_70' title="bbox 964 1703 1679 1749; baseline -0.001 -10"><span class='ocrx_word' id='word_1_410' title='bbox 964 1703 1028 1739; x_wconf 81' lang='lat'>56.</span> <span class='ocrx_word' id='word_1_411' title='bbox 1063 1707 1093 1738; x_wconf 86' lang='lat'>1.</span> <span class='ocrx_word' id='word_1_412' title='bbox 1119 1704 1376 1748; x_wconf 60' lang='lat' dir='ltr'>prodigiosum</span> <span class='ocrx_word' id='word_1_413' title='bbox 1407 1703 1526 1749; x_wconf 85' lang='lat' dir='ltr'>dictu]</span> <span class='ocrx_word' id='word_1_414' title='bbox 1572 1715 1600 1739; x_wconf 78' lang='lat' dir='ltr'>S.</span> <span class='ocrx_word' id='word_1_415' title='bbox 1634 1714 1679 1738; x_wconf 88' lang='lat' dir='ltr'>zu</span> 
     </span>
     <span class='ocr_line' id='line_1_71' title="bbox 919 1754 1117 1795; baseline 0.005 -9"><span class='ocrx_word' id='word_1_416' title='bbox 919 1762 949 1786; x_wconf 81' lang='lat' dir='ltr'>c.</span> <span class='ocrx_word' id='word_1_417' title='bbox 976 1754 1034 1795; x_wconf 86' lang='lat'>40,</span> <span class='ocrx_word' id='word_1_418' title='bbox 1064 1754 1117 1787; x_wconf 88' lang='lat'>10.</span> 
     </span>
    </p>

    <p class='ocr_par' dir='ltr' id='par_1_20' title="bbox 918 1799 1677 1939">
     <span class='ocr_line' id='line_1_72' title="bbox 966 1799 1677 1845; baseline 0 -11"><span class='ocrx_word' id='word_1_419' title='bbox 966 1799 1157 1842; x_wconf 83' lang='lat' dir='ltr'>foedarum</span> <span class='ocrx_word' id='word_1_420' title='bbox 1201 1799 1406 1845; x_wconf 82' lang='lat' dir='ltr'>volucrum]</span> <span class='ocrx_word' id='word_1_421' title='bbox 1449 1799 1537 1834; x_wconf 83' lang='lat' dir='ltr'>eher</span> <span class='ocrx_word' id='word_1_422' title='bbox 1574 1799 1677 1834; x_wconf 86' lang='lat' dir='ltr'>wohl</span> 
     </span>
     <span class='ocr_line' id='line_1_73' title="bbox 918 1846 1676 1889; baseline 0.001 -9"><span class='ocrx_word' id='word_1_423' title='bbox 918 1846 1211 1881; x_wconf 75' lang='lat' dir='ltr'>Heusehreeken</span> <span class='ocrx_word' id='word_1_424' title='bbox 1251 1847 1306 1881; x_wconf 84' lang='lat' dir='ltr'>als</span> <span class='ocrx_word' id='word_1_425' title='bbox 1339 1846 1576 1889; x_wconf 71' lang='lat' dir='ltr'>Raubvogel,</span> <span class='ocrx_word' id='word_1_426' title='bbox 1616 1846 1676 1882; x_wconf 87' lang='lat' dir='ltr'>die</span> 
     </span>
     <span class='ocr_line' id='line_1_74' title="bbox 919 1892 1585 1939; baseline 0.002 -12"><span class='ocrx_word' id='word_1_427' title='bbox 919 1893 1078 1928; x_wconf 85' lang='lat' dir='ltr'>niemals</span> <span class='ocrx_word' id='word_1_428' title='bbox 1105 1892 1145 1927; x_wconf 85' lang='lat' dir='ltr'>in</span> <span class='ocrx_word' id='word_1_429' title='bbox 1173 1894 1412 1928; x_wconf 65' lang='lat' dir='ltr'>Schwarmen</span> <span class='ocrx_word' id='word_1_430' title='bbox 1437 1893 1585 1939; x_wconf 88' lang='lat' dir='ltr'>fliegen.</span> 
     </span>
    </p>

    <p class='ocr_par' dir='ltr' id='par_1_21' title="bbox 920 1941 1680 2263">
     <span class='ocr_line' id='line_1_75' title="bbox 969 1941 1674 1988; baseline 0.001 -13"><span class='ocrx_word' id='word_1_431' title='bbox 969 1944 1001 1975; x_wconf 89' lang='grc'>2.</span> <span class='ocrx_word' id='word_1_432' title='bbox 1041 1942 1136 1976; x_wconf 82' lang='lat' dir='ltr'>nube</span> <span class='ocrx_word' id='word_1_433' title='bbox 1175 1945 1261 1976; x_wconf 87' lang='lat' dir='ltr'>atra</span> <span class='ocrx_word' id='word_1_434' title='bbox 1300 1941 1395 1976; x_wconf 88' lang='lat' dir='ltr'>diem</span> <span class='ocrx_word' id='word_1_435' title='bbox 1428 1941 1674 1988; x_wconf 79' lang='lat' dir='ltr'>obtenderent]</span> 
     </span>
     <span class='ocr_line' id='line_1_76' title="bbox 922 1988 1678 2033; baseline 0.001 -10"><span class='ocrx_word' id='word_1_436' title='bbox 922 1988 955 2022; x_wconf 83' lang='lat' dir='ltr'>d.</span> <span class='ocrx_word' id='word_1_437' title='bbox 977 1989 1000 2023; x_wconf 92' lang='lat' dir='ltr'>i.</span> <span class='ocrx_word' id='word_1_438' title='bbox 1021 1988 1159 2023; x_wconf 87' lang='lat' dir='ltr'>nubem</span> <span class='ocrx_word' id='word_1_439' title='bbox 1180 1990 1301 2023; x_wconf 78' lang='lat' dir='ltr'>atram</span> <span class='ocrx_word' id='word_1_440' title='bbox 1322 1988 1399 2023; x_wconf 87' lang='lat' dir='ltr'>diei</span> <span class='ocrx_word' id='word_1_441' title='bbox 1418 1988 1678 2033; x_wconf 75' lang='lat' dir='ltr'>obtenderent,</span> 
     </span>
     <span class='ocr_line' id='line_1_77' title="bbox 920 2036 1677 2072; baseline 0.001 -1"><span class='ocrx_word' id='word_1_442' title='bbox 920 2036 991 2071; x_wconf 83' lang='lat' dir='ltr'>wie</span> <span class='ocrx_word' id='word_1_443' title='bbox 1025 2047 1054 2071; x_wconf 91' lang='grc'>6.</span> <span class='ocrx_word' id='word_1_444' title='bbox 1083 2040 1126 2071; x_wconf 88' lang='grc'>36</span> <span class='ocrx_word' id='word_1_445' title='bbox 1161 2037 1261 2071; x_wconf 82' lang='lat' dir='ltr'>curis</span> <span class='ocrx_word' id='word_1_446' title='bbox 1296 2037 1425 2071; x_wconf 76' lang='lat' dir='ltr'>luxum</span> <span class='ocrx_word' id='word_1_447' title='bbox 1454 2037 1677 2072; x_wconf 82' lang='lat' dir='ltr'>obtendebat.</span> 
     </span>
     <span class='ocr_line' id='line_1_78' title="bbox 920 2082 1679 2129; baseline 0.003 -12"><span class='ocrx_word' id='word_1_448' title='bbox 920 2083 1006 2128; x_wconf 85' lang='lat' dir='ltr'>Vgl.</span> <span class='ocrx_word' id='word_1_449' title='bbox 1030 2082 1103 2118; x_wconf 79' lang='lat' dir='ltr'>Cio.</span> <span class='ocrx_word' id='word_1_450' title='bbox 1131 2084 1179 2118; x_wconf 85' lang='lat' dir='ltr'>ad</span> <span class='ocrx_word' id='word_1_451' title='bbox 1207 2083 1248 2126; x_wconf 82' lang='lat' dir='ltr'>Q.</span> <span class='ocrx_word' id='word_1_452' title='bbox 1276 2084 1319 2119; x_wconf 84' lang='lat' dir='ltr'>fr.</span> <span class='ocrx_word' id='word_1_453' title='bbox 1348 2083 1375 2128; x_wconf 89' lang='grc' dir='ltr'>Ι,</span> <span class='ocrx_word' id='word_1_454' title='bbox 1404 2088 1423 2119; x_wconf 93' lang='lat'>5</span> <span class='ocrx_word' id='word_1_455' title='bbox 1457 2085 1565 2129; x_wconf 78' lang='lat' dir='ltr'>quasi</span> <span class='ocrx_word' id='word_1_456' title='bbox 1590 2085 1679 2120; x_wconf 73' lang='lat' dir='ltr'>velis</span> 
     </span>
     <span class='ocr_line' id='line_1_79' title="bbox 920 2132 1680 2177; baseline 0.001 -11"><span class='ocrx_word' id='word_1_457' title='bbox 920 2132 1141 2176; x_wconf 76' lang='lat' dir='ltr'>quibusdam</span> <span class='ocrx_word' id='word_1_458' title='bbox 1161 2132 1371 2166; x_wconf 82' lang='lat' dir='ltr'>obtenditur</span> <span class='ocrx_word' id='word_1_459' title='bbox 1389 2133 1680 2177; x_wconf 77' lang='lat' dir='ltr'>uniuscuiusque</span> 
     </span>
     <span class='ocr_line' id='line_1_80' title="bbox 920 2178 1679 2224; baseline 0 -10"><span class='ocrx_word' id='word_1_460' title='bbox 920 2183 1080 2222; x_wconf 88' lang='lat' dir='ltr'>natura;</span> <span class='ocrx_word' id='word_1_461' title='bbox 1103 2178 1214 2224; x_wconf 86' lang='lat' dir='ltr'>Verg.</span> <span class='ocrx_word' id='word_1_462' title='bbox 1243 2190 1370 2224; x_wconf 87' lang='lat' dir='ltr'>georg.</span> <span class='ocrx_word' id='word_1_463' title='bbox 1397 2179 1424 2222; x_wconf 91' lang='lat' dir='ltr'>I,</span> <span class='ocrx_word' id='word_1_464' title='bbox 1446 2183 1514 2214; x_wconf 82' lang='grc'>248</span> <span class='ocrx_word' id='word_1_465' title='bbox 1541 2190 1679 2224; x_wconf 77' lang='lat' dir='ltr'>semper</span> 
     </span>
     <span class='ocr_line' id='line_1_81' title="bbox 921 2227 1679 2263; baseline 0 -1"><span class='ocrx_word' id='word_1_466' title='bbox 921 2230 954 2262; x_wconf 88' lang='lat' dir='ltr'>et</span> <span class='ocrx_word' id='word_1_467' title='bbox 991 2227 1137 2262; x_wconf 86' lang='lat' dir='ltr'>obtenta</span> <span class='ocrx_word' id='word_1_468' title='bbox 1157 2227 1360 2262; x_wconf 81' lang='lat' dir='ltr'>densantur</span> <span class='ocrx_word' id='word_1_469' title='bbox 1379 2231 1481 2262; x_wconf 84' lang='lat' dir='ltr'>nocte</span> <span class='ocrx_word' id='word_1_470' title='bbox 1500 2228 1679 2263; x_wconf 83' lang='lat' dir='ltr'>tenebrae.</span> 
     </span>
    </p>

    <p class='ocr_par' dir='ltr' id='par_1_22' title="bbox 922 2274 1678 2367">
     <span class='ocr_line' id='line_1_82' title="bbox 970 2274 1678 2319; baseline 0 -10"><span class='ocrx_word' id='word_1_471' title='bbox 970 2278 1002 2309; x_wconf 90' lang='lat'>3.</span> <span class='ocrx_word' id='word_1_472' title='bbox 1048 2275 1226 2318; x_wconf 79' lang='lat' dir='ltr'>sacrificii</span> <span class='ocrx_word' id='word_1_473' title='bbox 1270 2278 1478 2319; x_wconf 86' lang='lat' dir='ltr'>apparatus</span> <span class='ocrx_word' id='word_1_474' title='bbox 1525 2274 1678 2319; x_wconf 82' lang='lat' dir='ltr'>‘Opfer-</span> 
     </span>
     <span class='ocr_line' id='line_1_83' title="bbox 922 2322 1059 2367; baseline 0.015 -12"><span class='ocrx_word' id='word_1_475' title='bbox 922 2322 1059 2367; x_wconf 66' lang='lat' dir='ltr'>gerat’.</span> 
     </span>
    </p>

    <p class='ocr_par' dir='ltr' id='par_1_23' title="bbox 923 2369 1679 2462">
     <span class='ocr_line' id='line_1_84' title="bbox 971 2369 1679 2416; baseline 0.001 -12"><span class='ocrx_word' id='word_1_476' title='bbox 971 2369 1090 2416; x_wconf 40' lang='lat' dir='ltr'>lon-qe]</span> <span class='ocrx_word' id='word_1_477' title='bbox 1135 2369 1268 2413; x_wconf 83' lang='lat' dir='ltr'>procul</span> <span class='ocrx_word' id='word_1_478' title='bbox 1302 2369 1350 2404; x_wconf 85' lang='lat' dir='ltr'>ab</span> <span class='ocrx_word' id='word_1_479' title='bbox 1389 2369 1589 2413; x_wconf 83' lang='lat' dir='ltr'>altaribus,</span> <span class='ocrx_word' id='word_1_480' title='bbox 1629 2369 1679 2405; x_wconf 83' lang='lat' dir='ltr'>ad</span> 
     </span>
     <span class='ocr_line' id='line_1_85' title="bbox 923 2416 1547 2462; baseline -0.002 -10"><span class='ocrx_word' id='word_1_481' title='bbox 923 2428 1021 2462; x_wconf 80' lang='lat' dir='ltr'>quae</span> <span class='ocrx_word' id='word_1_482' title='bbox 1049 2416 1191 2452; x_wconf 80' lang='lat' dir='ltr'>hostias</span> <span class='ocrx_word' id='word_1_483' title='bbox 1216 2417 1320 2451; x_wconf 83' lang='lat' dir='ltr'>feriri</span> <span class='ocrx_word' id='word_1_484' title='bbox 1347 2428 1428 2452; x_wconf 87' lang='lat' dir='ltr'>mos</span> <span class='ocrx_word' id='word_1_485' title='bbox 1455 2418 1547 2452; x_wconf 77' lang='lat' dir='ltr'>erat.</span> 
     </span>
    </p>

    <p class='ocr_par' dir='ltr' id='par_1_24' title="bbox 919 2464 1682 2936">
     <span class='ocr_line' id='line_1_86' title="bbox 971 2464 1679 2509; baseline 0 -10"><span class='ocrx_word' id='word_1_486' title='bbox 971 2469 1003 2500; x_wconf 84' lang='lat'>4.</span> <span class='ocrx_word' id='word_1_487' title='bbox 1031 2464 1117 2509; x_wconf 81' lang='lat' dir='ltr'>Vgl.</span> <span class='ocrx_word' id='word_1_488' title='bbox 1138 2464 1230 2499; x_wconf 78' lang='lat' dir='ltr'>iiber</span> <span class='ocrx_word' id='word_1_489' title='bbox 1250 2465 1316 2499; x_wconf 81' lang='lat' dir='ltr'>das</span> <span class='ocrx_word' id='word_1_490' title='bbox 1339 2464 1457 2499; x_wconf 89' lang='lat' dir='ltr'>Omen</span> <span class='ocrx_word' id='word_1_491' title='bbox 1478 2465 1577 2500; x_wconf 80' lang='lat' dir='ltr'>Suet.</span> <span class='ocrx_word' id='word_1_492' title='bbox 1600 2465 1679 2500; x_wconf 78' lang='lat' dir='ltr'>Tit.</span> 
     </span>
     <span class='ocr_line' id='line_1_87' title="bbox 923 2511 1679 2558; baseline 0.001 -11"><span class='ocrx_word' id='word_1_493' title='bbox 923 2516 968 2547; x_wconf 84' lang='lat'>40</span> <span class='ocrx_word' id='word_1_494' title='bbox 1001 2512 1161 2547; x_wconf 86' lang='lat' dir='ltr'>Sabinos</span> <span class='ocrx_word' id='word_1_495' title='bbox 1187 2513 1281 2556; x_wconf 86' lang='lat' dir='ltr'>petit</span> <span class='ocrx_word' id='word_1_496' title='bbox 1320 2511 1453 2556; x_wconf 81' lang='lat' dir='ltr'>(Titus)</span> <span class='ocrx_word' id='word_1_497' title='bbox 1485 2513 1679 2558; x_wconf 75' lang='lat' dir='ltr'>aliquanto</span> 
     </span>
     <span class='ocr_line' id='line_1_88' title="bbox 922 2560 1680 2604; baseline 0 -9"><span class='ocrx_word' id='word_1_498' title='bbox 922 2561 1083 2603; x_wconf 77' lang='lat' dir='ltr'>tristior,</span> <span class='ocrx_word' id='word_1_499' title='bbox 1135 2560 1233 2604; x_wconf 79' lang='lat' dir='ltr'>quod</span> <span class='ocrx_word' id='word_1_500' title='bbox 1281 2560 1513 2603; x_wconf 74' lang='lat' dir='ltr'>sacrificanti</span> <span class='ocrx_word' id='word_1_501' title='bbox 1559 2561 1680 2595; x_wconf 82' lang='lat' dir='ltr'>hostia</span> 
     </span>
     <span class='ocr_line' id='line_1_89' title="bbox 925 2607 1678 2652; baseline -0.001 -9"><span class='ocrx_word' id='word_1_502' title='bbox 925 2608 1140 2652; x_wconf 55' lang='lat' dir='ltr'>au=fu9erat3</span> <span class='ocrx_word' id='word_1_503' title='bbox 1181 2607 1278 2642; x_wconf 72' lang='lat' dir='ltr'>Fest.</span> <span class='ocrx_word' id='word_1_504' title='bbox 1312 2618 1348 2651; x_wconf 85' lang='lat' dir='ltr'>p.</span> <span class='ocrx_word' id='word_1_505' title='bbox 1385 2611 1451 2642; x_wconf 86' lang='grc'>129</span> <span class='ocrx_word' id='word_1_506' title='bbox 1486 2607 1541 2643; x_wconf 87' lang='lat' dir='ltr'>ed.</span> <span class='ocrx_word' id='word_1_507' title='bbox 1569 2607 1678 2642; x_wconf 88' lang='lat' dir='ltr'>Lind.</span> 
     </span>
     <span class='ocr_line' id='line_1_90' title="bbox 922 2655 1679 2700; baseline 0.001 -11"><span class='ocrx_word' id='word_1_508' title='bbox 922 2656 1138 2700; x_wconf 80' lang='lat' dir='ltr'>piacularia</span> <span class='ocrx_word' id='word_1_509' title='bbox 1164 2655 1421 2699; x_wconf 75' lang='lat' dir='ltr'>appellabant,</span> <span class='ocrx_word' id='word_1_510' title='bbox 1445 2666 1537 2700; x_wconf 76' lang='lat' dir='ltr'>quae</span> <span class='ocrx_word' id='word_1_511' title='bbox 1563 2656 1679 2690; x_wconf 84' lang='lat' dir='ltr'>sacri—</span> 
     </span>
     <span class='ocr_line' id='line_1_91' title="bbox 924 2703 1681 2747; baseline -0.001 -9"><span class='ocrx_word' id='word_1_512' title='bbox 924 2703 1122 2746; x_wconf 78' lang='lat' dir='ltr'>ficantibus</span> <span class='ocrx_word' id='word_1_513' title='bbox 1147 2703 1272 2737; x_wconf 88' lang='lat' dir='ltr'>tristia</span> <span class='ocrx_word' id='word_1_514' title='bbox 1291 2703 1572 2747; x_wconf 86' lang='lat' dir='ltr'>portendebant,</span> <span class='ocrx_word' id='word_1_515' title='bbox 1600 2713 1681 2737; x_wconf 89' lang='lat' dir='ltr'>cum</span> 
     </span>
     <span class='ocr_line' id='line_1_92' title="bbox 924 2750 1682 2795; baseline 0 -11"><span class='ocrx_word' id='word_1_516' title='bbox 924 2754 991 2785; x_wconf 86' lang='lat' dir='ltr'>aut</span> <span class='ocrx_word' id='word_1_517' title='bbox 1021 2750 1140 2784; x_wconf 81' lang='lat' dir='ltr'>hostia</span> <span class='ocrx_word' id='word_1_518' title='bbox 1173 2750 1218 2784; x_wconf 91' lang='lat' dir='ltr'>ab</span> <span class='ocrx_word' id='word_1_519' title='bbox 1255 2761 1325 2784; x_wconf 88' lang='lat' dir='ltr'>ara</span> <span class='ocrx_word' id='word_1_520' title='bbox 1350 2751 1580 2795; x_wconf 77' lang='lat' dir='ltr'>profuyisset</span> <span class='ocrx_word' id='word_1_521' title='bbox 1615 2753 1682 2784; x_wconf 88' lang='lat' dir='ltr'>aut</span> 
     </span>
     <span class='ocr_line' id='line_1_93' title="bbox 919 2797 1681 2843; baseline 0 -11"><span class='ocrx_word' id='word_1_522' title='bbox 919 2808 1095 2842; x_wconf 86' lang='lat' dir='ltr'>percussa</span> <span class='ocrx_word' id='word_1_523' title='bbox 1131 2798 1312 2843; x_wconf 64' lang='lat' dir='ltr'>mugitum</span> <span class='ocrx_word' id='word_1_524' title='bbox 1345 2798 1502 2832; x_wconf 85' lang='lat' dir='ltr'>dedisset</span> <span class='ocrx_word' id='word_1_525' title='bbox 1541 2800 1607 2832; x_wconf 88' lang='lat' dir='ltr'>aut</span> <span class='ocrx_word' id='word_1_526' title='bbox 1637 2797 1681 2832; x_wconf 90' lang='lat' dir='ltr'>in</span> 
     </span>
     <span class='ocr_line' id='line_1_94' title="bbox 926 2845 1681 2889; baseline 0.001 -10"><span class='ocrx_word' id='word_1_527' title='bbox 926 2846 1040 2880; x_wconf 88' lang='lat' dir='ltr'>aliam</span> <span class='ocrx_word' id='word_1_528' title='bbox 1062 2848 1206 2889; x_wconf 76' lang='lat' dir='ltr'>partem</span> <span class='ocrx_word' id='word_1_529' title='bbox 1231 2845 1412 2889; x_wconf 84' lang='lat' dir='ltr'>corporis,</span> <span class='ocrx_word' id='word_1_530' title='bbox 1437 2856 1549 2889; x_wconf 76' lang='lat' dir='ltr'>quam</span> <span class='ocrx_word' id='word_1_531' title='bbox 1574 2854 1681 2889; x_wconf 82' lang='lat' dir='ltr'>opor-</span> 
     </span>
     <span class='ocr_line' id='line_1_95' title="bbox 924 2893 1244 2936; baseline 0.003 -8"><span class='ocrx_word' id='word_1_532' title='bbox 924 2896 1024 2936; x_wconf 86' lang='lat' dir='ltr'>teret,</span> <span class='ocrx_word' id='word_1_533' title='bbox 1050 2893 1244 2929; x_wconf 82' lang='lat' dir='ltr'>cecidisset.</span> 
     </span>
    </p>
   </div>
  </div>
 </body>
</html>
