<?xml version="1.0" encoding="UTF-8"?>
<!DOCTYPE html PUBLIC "-//W3C//DTD XHTML 1.0 Transitional//EN"
    "http://www.w3.org/TR/xhtml1/DTD/xhtml1-transitional.dtd">
<html xmlns="http://www.w3.org/1999/xhtml" xml:lang="en" lang="en">
 <head>
  <title>
</title>
<meta http-equiv="Content-Type" content="text/html;charset=utf-8" />
  <meta name='ocr-system' content='tesseract 3.04.00' />
  <meta name='ocr-capabilities' content='ocr_page ocr_carea ocr_par ocr_line ocrx_word'/>
</head>
<body>
  <div class='ocr_page' id='page_1' title='image "./historiarumlibri0304taciuoft_0038.png"; bbox 0 0 1859 3182; ppageno 0'>
   <div class='ocr_carea' id='block_1_1' title="bbox 162 699 194 723">
    <p class='ocr_par' dir='ltr' id='par_1_1' title="bbox 162 699 194 723">
     <span class='ocr_line' id='line_1_1' title="bbox 162 699 194 723; baseline 0 0"><span class='ocrx_word' id='word_1_1' title='bbox 162 699 194 723; x_wconf 92' lang='lat'>10</span> 
     </span>
    </p>
   </div>
   <div class='ocr_carea' id='block_1_2' title="bbox 162 994 194 1019">
    <p class='ocr_par' dir='ltr' id='par_1_2' title="bbox 162 994 194 1019">
     <span class='ocr_line' id='line_1_2' title="bbox 162 994 194 1019; baseline 0.031 -1"><span class='ocrx_word' id='word_1_2' title='bbox 162 994 194 1019; x_wconf 88' lang='lat'>15</span> 
     </span>
    </p>
   </div>
   <div class='ocr_carea' id='block_1_3' title="bbox 159 1289 194 1315">
    <p class='ocr_par' dir='ltr' id='par_1_3' title="bbox 159 1289 194 1315">
     <span class='ocr_line' id='line_1_3' title="bbox 159 1289 194 1315; baseline 0.029 -1"><span class='ocrx_word' id='word_1_3' title='bbox 159 1289 194 1315; x_wconf 84' lang='lat'>20</span> 
     </span>
    </p>
   </div>
   <div class='ocr_carea' id='block_1_4' title="bbox 214 104 1261 148">
    <p class='ocr_par' dir='ltr' id='par_1_4' title="bbox 214 104 1261 148">
     <span class='ocr_line' id='line_1_4' title="bbox 214 104 1261 148; baseline 0.002 -11"><span class='ocrx_word' id='word_1_4' title='bbox 214 107 271 148; x_wconf 87' lang='lat'>30</span> <span class='ocrx_word' id='word_1_5' title='bbox 739 104 900 139; x_wconf 82' lang='lat' dir='ltr'>TACITI</span> <span class='ocrx_word' id='word_1_6' title='bbox 927 104 1261 139; x_wconf 82' lang='lat' dir='ltr'><strong>HISTORIARUM</strong></span> 
     </span>
    </p>
   </div>
   <div class='ocr_carea' id='block_1_5' title="bbox 212 214 1777 1332">
    <p class='ocr_par' dir='ltr' id='par_1_5' title="bbox 212 214 1777 1332">
     <span class='ocr_line' id='line_1_5' title="bbox 214 214 1772 268; baseline -0.001 -12"><span class='ocrx_word' id='word_1_7' title='bbox 214 216 477 268; x_wconf 78' lang='lat' dir='ltr'>incutiebant,</span> <span class='ocrx_word' id='word_1_8' title='bbox 529 228 619 255; x_wconf 90' lang='lat' dir='ltr'>cum</span> <span class='ocrx_word' id='word_1_9' title='bbox 660 215 915 266; x_wconf 78' lang='lat' dir='ltr'>languescere</span> <span class='ocrx_word' id='word_1_10' title='bbox 958 214 1145 266; x_wconf 89' lang='lat' dir='ltr'>paulatim</span> <span class='ocrx_word' id='word_1_11' title='bbox 1196 215 1493 254; x_wconf 88' lang='lat' dir='ltr'>Vitellianorum</span> <span class='ocrx_word' id='word_1_12' title='bbox 1537 217 1665 254; x_wconf 89' lang='lat' dir='ltr'>animi.</span> <span class='ocrx_word' id='word_1_13' title='bbox 1728 221 1772 254; x_wconf 82' lang='lat' dir='ltr'>ut</span> 
     </span>
     <span class='ocr_line' id='line_1_6' title="bbox 215 274 1772 328; baseline -0.001 -14"><span class='ocrx_word' id='word_1_14' title='bbox 215 278 303 328; x_wconf 89' lang='lat' dir='ltr'>quis</span> <span class='ocrx_word' id='word_1_15' title='bbox 336 275 472 314; x_wconf 81' lang='lat' dir='ltr'>ordine</span> <span class='ocrx_word' id='word_1_16' title='bbox 505 274 694 326; x_wconf 81' lang='lat' dir='ltr'>anteibat,</span> <span class='ocrx_word' id='word_1_17' title='bbox 728 274 868 313; x_wconf 81' lang='lat' dir='ltr'>cedere</span> <span class='ocrx_word' id='word_1_18' title='bbox 901 274 1098 326; x_wconf 83' lang='lat' dir='ltr'>fortunae,</span> <span class='ocrx_word' id='word_1_19' title='bbox 1131 287 1179 313; x_wconf 90' lang='lat' dir='ltr'>ne</span> <span class='ocrx_word' id='word_1_20' title='bbox 1213 274 1403 313; x_wconf 83' lang='lat' dir='ltr'>Cremona</span> <span class='ocrx_word' id='word_1_21' title='bbox 1437 286 1593 325; x_wconf 90' lang='lat' dir='ltr'>quoque</span> <span class='ocrx_word' id='word_1_22' title='bbox 1621 275 1772 313; x_wconf 83' lang='lat' dir='ltr'>excissa</span> 
     </span>
     <span class='ocr_line' id='line_1_7' title="bbox 213 333 1770 384; baseline -0.001 -11"><span class='ocrx_word' id='word_1_23' title='bbox 213 335 318 374; x_wconf 91' lang='lat' dir='ltr'>nulla</span> <span class='ocrx_word' id='word_1_24' title='bbox 350 334 453 373; x_wconf 88' lang='lat' dir='ltr'>ultra</span> <span class='ocrx_word' id='word_1_25' title='bbox 485 336 596 373; x_wconf 85' lang='lat' dir='ltr'>venia</span> <span class='ocrx_word' id='word_1_26' title='bbox 629 335 834 384; x_wconf 89' lang='lat' dir='ltr'>omnisque</span> <span class='ocrx_word' id='word_1_27' title='bbox 867 335 925 372; x_wconf 88' lang='lat' dir='ltr'>ira</span> <span class='ocrx_word' id='word_1_28' title='bbox 951 335 1112 372; x_wconf 87' lang='lat' dir='ltr'>victoris</span> <span class='ocrx_word' id='word_1_29' title='bbox 1144 345 1222 372; x_wconf 95' lang='lat' dir='ltr'>non</span> <span class='ocrx_word' id='word_1_30' title='bbox 1254 335 1295 371; x_wconf 93' lang='lat' dir='ltr'>in</span> <span class='ocrx_word' id='word_1_31' title='bbox 1328 333 1467 383; x_wconf 88' lang='lat' dir='ltr'>vulgus</span> <span class='ocrx_word' id='word_1_32' title='bbox 1493 334 1608 384; x_wconf 89' lang='lat' dir='ltr'>inops</span> <span class='ocrx_word' id='word_1_33' title='bbox 1635 333 1702 372; x_wconf 94' lang='lat' dir='ltr'>sed</span> <span class='ocrx_word' id='word_1_34' title='bbox 1728 334 1770 372; x_wconf 88' lang='lat' dir='ltr'>in</span> 
     </span>
     <span class='ocr_line' id='line_1_8' title="bbox 215 392 1770 444; baseline -0.001 -12"><span class='ocrx_word' id='word_1_35' title='bbox 215 394 396 433; x_wconf 86' lang='lat' dir='ltr'>tribunos</span> <span class='ocrx_word' id='word_1_36' title='bbox 430 394 778 444; x_wconf 82' lang='lat' dir='ltr'>centurionesque,</span> <span class='ocrx_word' id='word_1_37' title='bbox 813 392 882 431; x_wconf 89' lang='lat' dir='ltr'>ubi</span> <span class='ocrx_word' id='word_1_38' title='bbox 901 394 1072 443; x_wconf 89' lang='lat' dir='ltr'>pretium</span> <span class='ocrx_word' id='word_1_39' title='bbox 1105 392 1236 431; x_wconf 89' lang='lat' dir='ltr'>caedis</span> <span class='ocrx_word' id='word_1_40' title='bbox 1269 397 1369 444; x_wconf 90' lang='lat' dir='ltr'>erat,</span> <span class='ocrx_word' id='word_1_41' title='bbox 1401 396 1634 431; x_wconf 87' lang='lat' dir='ltr'>verteretur.</span> <span class='ocrx_word' id='word_1_42' title='bbox 1685 404 1770 443; x_wconf 87' lang='lat' dir='ltr'>gre-</span> 
     </span>
     <span class='ocr_line' id='line_1_9' title="bbox 213 450 1771 504; baseline -0.001 -13"><span class='ocrx_word' id='word_1_43' title='bbox 213 454 344 504; x_wconf 88' lang='lat' dir='ltr'>garius</span> <span class='ocrx_word' id='word_1_44' title='bbox 377 452 489 491; x_wconf 90' lang='lat' dir='ltr'>miles</span> <span class='ocrx_word' id='word_1_45' title='bbox 523 452 647 491; x_wconf 87' lang='lat' dir='ltr'>futuri</span> <span class='ocrx_word' id='word_1_46' title='bbox 679 463 813 490; x_wconf 87' lang='lat' dir='ltr'>socors</span> <span class='ocrx_word' id='word_1_47' title='bbox 846 458 885 490; x_wconf 90' lang='lat' dir='ltr'>et</span> <span class='ocrx_word' id='word_1_48' title='bbox 916 451 1158 503; x_wconf 85' lang='lat' dir='ltr'>ignobilitate</span> <span class='ocrx_word' id='word_1_49' title='bbox 1186 452 1309 490; x_wconf 89' lang='lat' dir='ltr'>tutior</span> <span class='ocrx_word' id='word_1_50' title='bbox 1335 450 1554 502; x_wconf 83' lang='lat' dir='ltr'>perstabat:</span> <span class='ocrx_word' id='word_1_51' title='bbox 1587 452 1673 502; x_wconf 88' lang='lat' dir='ltr'>vagi</span> <span class='ocrx_word' id='word_1_52' title='bbox 1698 463 1771 502; x_wconf 88' lang='lat' dir='ltr'>per</span> 
     </span>
     <span class='ocr_line' id='line_1_10' title="bbox 212 509 1770 565; baseline -0.001 -16"><span class='ocrx_word' id='word_1_53' title='bbox 212 513 305 565; x_wconf 88' lang='lat' dir='ltr'>vias,</span> <span class='ocrx_word' id='word_1_54' title='bbox 337 513 377 550; x_wconf 94' lang='lat' dir='ltr'>in</span> <span class='ocrx_word' id='word_1_55' title='bbox 405 511 585 550; x_wconf 87' lang='lat' dir='ltr'>domibus</span> <span class='ocrx_word' id='word_1_56' title='bbox 613 511 745 563; x_wconf 88' lang='lat' dir='ltr'>abditi,</span> <span class='ocrx_word' id='word_1_57' title='bbox 772 523 908 561; x_wconf 89' lang='lat' dir='ltr'>pacem</span> <span class='ocrx_word' id='word_1_58' title='bbox 935 523 983 549; x_wconf 91' lang='lat' dir='ltr'>ne</span> <span class='ocrx_word' id='word_1_59' title='bbox 1010 516 1094 549; x_wconf 90' lang='lat' dir='ltr'>tum</span> <span class='ocrx_word' id='word_1_60' title='bbox 1121 510 1280 561; x_wconf 90' lang='lat' dir='ltr'>quidem</span> <span class='ocrx_word' id='word_1_61' title='bbox 1307 509 1487 562; x_wconf 86' lang='lat' dir='ltr'>orabant,</span> <span class='ocrx_word' id='word_1_62' title='bbox 1514 522 1604 549; x_wconf 92' lang='lat' dir='ltr'>cum</span> <span class='ocrx_word' id='word_1_63' title='bbox 1625 509 1770 549; x_wconf 89' lang='lat' dir='ltr'>bellum</span> 
     </span>
     <span class='ocr_line' id='line_1_11' title="bbox 212 568 1773 623; baseline -0.001 -14"><span class='ocrx_word' id='word_1_64' title='bbox 212 572 451 623; x_wconf 87' lang='lat' dir='ltr'>posuissent.</span> <span class='ocrx_word' id='word_1_65' title='bbox 520 572 713 622; x_wconf 89' lang='lat' dir='ltr'>primores</span> <span class='ocrx_word' id='word_1_66' title='bbox 758 575 978 609; x_wconf 89' lang='lat' dir='ltr'>castrorum</span> <span class='ocrx_word' id='word_1_67' title='bbox 1026 582 1168 608; x_wconf 90' lang='lat' dir='ltr'>nomen</span> <span class='ocrx_word' id='word_1_68' title='bbox 1221 576 1337 620; x_wconf 89' lang='lat' dir='ltr'>atque</span> <span class='ocrx_word' id='word_1_69' title='bbox 1387 570 1577 619; x_wconf 81' lang='lat' dir='ltr'>imagines</span> <span class='ocrx_word' id='word_1_70' title='bbox 1628 568 1773 607; x_wconf 91' lang='lat' dir='ltr'>Vitellii</span> 
     </span>
     <span class='ocr_line' id='line_1_12' title="bbox 214 622 1772 683; baseline -0.002 -14"><span class='ocrx_word' id='word_1_71' title='bbox 214 630 476 682; x_wconf 82' lang='lat' dir='ltr'>amoliuntur3</span> <span class='ocrx_word' id='word_1_72' title='bbox 519 635 675 668; x_wconf 90' lang='lat' dir='ltr'>catenas</span> <span class='ocrx_word' id='word_1_73' title='bbox 716 628 903 668; x_wconf 86' lang='lat' dir='ltr'>Caecinae</span> <span class='ocrx_word' id='word_1_74' title='bbox 946 624 1056 683; x_wconf 85' lang='lat' dir='ltr'>(nam</span> <span class='ocrx_word' id='word_1_75' title='bbox 1095 630 1211 667; x_wconf 91' lang='lat' dir='ltr'>etiam</span> <span class='ocrx_word' id='word_1_76' title='bbox 1251 634 1345 667; x_wconf 92' lang='lat' dir='ltr'>tunc</span> <span class='ocrx_word' id='word_1_77' title='bbox 1378 629 1533 666; x_wconf 84' lang='lat' dir='ltr'>vinctus</span> <span class='ocrx_word' id='word_1_78' title='bbox 1566 622 1670 682; x_wconf 84' lang='lat' dir='ltr'>erat)</span> <span class='ocrx_word' id='word_1_79' title='bbox 1709 640 1772 666; x_wconf 85' lang='lat' dir='ltr'>ex-</span> 
     </span>
     <span class='ocr_line' id='line_1_13' title="bbox 216 687 1772 740; baseline -0.002 -12"><span class='ocrx_word' id='word_1_80' title='bbox 216 689 371 728; x_wconf 88' lang='lat' dir='ltr'>solvunt</span> <span class='ocrx_word' id='word_1_81' title='bbox 397 694 606 740; x_wconf 89' lang='lat' dir='ltr'>orantque,</span> <span class='ocrx_word' id='word_1_82' title='bbox 641 694 683 727; x_wconf 93' lang='lat' dir='ltr'>ut</span> <span class='ocrx_word' id='word_1_83' title='bbox 715 700 855 727; x_wconf 87' lang='lat' dir='ltr'>causae</span> <span class='ocrx_word' id='word_1_84' title='bbox 888 700 980 727; x_wconf 86' lang='lat' dir='ltr'>suae</span> <span class='ocrx_word' id='word_1_85' title='bbox 1013 688 1245 739; x_wconf 82' lang='lat' dir='ltr'>deprecator</span> <span class='ocrx_word' id='word_1_86' title='bbox 1278 687 1450 726; x_wconf 86' lang='lat' dir='ltr'>adsistat.</span> <span class='ocrx_word' id='word_1_87' title='bbox 1496 692 1772 738; x_wconf 84' lang='lat' dir='ltr'>aspernantem</span> 
     </span>
     <span class='ocr_line' id='line_1_14' title="bbox 212 745 1772 799; baseline -0.002 -12"><span class='ocrx_word' id='word_1_88' title='bbox 212 753 510 799; x_wconf 86' lang='lat' dir='ltr'>tumentemque</span> <span class='ocrx_word' id='word_1_89' title='bbox 542 748 714 786; x_wconf 88' lang='lat' dir='ltr'>lacrimis</span> <span class='ocrx_word' id='word_1_90' title='bbox 748 747 928 799; x_wconf 85' lang='lat' dir='ltr'>fatigant,</span> <span class='ocrx_word' id='word_1_91' title='bbox 970 752 1189 785; x_wconf 85' lang='lat' dir='ltr'>extremum</span> <span class='ocrx_word' id='word_1_92' title='bbox 1227 746 1432 798; x_wconf 90' lang='lat' dir='ltr'>malorum,</span> <span class='ocrx_word' id='word_1_93' title='bbox 1471 750 1529 785; x_wconf 90' lang='lat' dir='ltr'>tot</span> <span class='ocrx_word' id='word_1_94' title='bbox 1567 745 1772 784; x_wconf 88' lang='lat' dir='ltr'>fortissimi</span> 
     </span>
     <span class='ocr_line' id='line_1_15' title="bbox 212 804 1773 858; baseline -0.002 -12"><span class='ocrx_word' id='word_1_95' title='bbox 212 809 286 846; x_wconf 84' lang='lat' dir='ltr'>viri</span> <span class='ocrx_word' id='word_1_96' title='bbox 311 807 526 858; x_wconf 87' lang='lat' dir='ltr'>proditoris</span> <span class='ocrx_word' id='word_1_97' title='bbox 553 819 667 858; x_wconf 91' lang='lat' dir='ltr'>opem</span> <span class='ocrx_word' id='word_1_98' title='bbox 687 805 941 853; x_wconf 82' lang='lat' dir='ltr'>invocantes3</span> <span class='ocrx_word' id='word_1_99' title='bbox 970 818 1058 844; x_wconf 83' lang='lat' dir='ltr'>mox</span> <span class='ocrx_word' id='word_1_100' title='bbox 1086 805 1302 844; x_wconf 88' lang='lat' dir='ltr'>velamenta</span> <span class='ocrx_word' id='word_1_101' title='bbox 1329 811 1367 844; x_wconf 87' lang='lat' dir='ltr'>et</span> <span class='ocrx_word' id='word_1_102' title='bbox 1386 804 1529 844; x_wconf 85' lang='lat' dir='ltr'>infulas</span> <span class='ocrx_word' id='word_1_103' title='bbox 1549 817 1620 856; x_wconf 92' lang='lat' dir='ltr'>pro</span> <span class='ocrx_word' id='word_1_104' title='bbox 1647 806 1773 844; x_wconf 91' lang='lat' dir='ltr'>muris</span> 
     </span>
     <span class='ocr_line' id='line_1_16' title="bbox 213 863 1771 917; baseline -0.002 -12"><span class='ocrx_word' id='word_1_105' title='bbox 213 871 422 905; x_wconf 91' lang='lat' dir='ltr'>ostentant.</span> <span class='ocrx_word' id='word_1_106' title='bbox 485 878 575 905; x_wconf 91' lang='lat' dir='ltr'>cum</span> <span class='ocrx_word' id='word_1_107' title='bbox 607 866 800 904; x_wconf 88' lang='lat' dir='ltr'>Antonius</span> <span class='ocrx_word' id='word_1_108' title='bbox 839 865 1010 904; x_wconf 89' lang='lat' dir='ltr'>inhiberi</span> <span class='ocrx_word' id='word_1_109' title='bbox 1048 864 1123 903; x_wconf 89' lang='lat' dir='ltr'>tela</span> <span class='ocrx_word' id='word_1_110' title='bbox 1156 865 1356 917; x_wconf 86' lang='lat' dir='ltr'>iussisset,</span> <span class='ocrx_word' id='word_1_111' title='bbox 1395 865 1504 915; x_wconf 90' lang='lat' dir='ltr'>signa</span> <span class='ocrx_word' id='word_1_112' title='bbox 1542 863 1771 915; x_wconf 83' lang='lat' dir='ltr'>aquilasque</span> 
     </span>
     <span class='ocr_line' id='line_1_17' title="bbox 214 922 1772 977; baseline -0.002 -13"><span class='ocrx_word' id='word_1_113' title='bbox 214 925 408 977; x_wconf 81' lang='lat' dir='ltr'>extulere3</span> <span class='ocrx_word' id='word_1_114' title='bbox 442 930 634 963; x_wconf 89' lang='lat' dir='ltr'>maestum</span> <span class='ocrx_word' id='word_1_115' title='bbox 655 926 865 963; x_wconf 89' lang='lat' dir='ltr'>inermium</span> <span class='ocrx_word' id='word_1_116' title='bbox 886 937 1024 975; x_wconf 85' lang='lat' dir='ltr'>agmen</span> <span class='ocrx_word' id='word_1_117' title='bbox 1052 924 1215 962; x_wconf 88' lang='lat' dir='ltr'>deiectis</span> <span class='ocrx_word' id='word_1_118' title='bbox 1242 924 1282 961; x_wconf 90' lang='lat' dir='ltr'>in</span> <span class='ocrx_word' id='word_1_119' title='bbox 1303 928 1450 962; x_wconf 89' lang='lat' dir='ltr'>terram</span> <span class='ocrx_word' id='word_1_120' title='bbox 1475 922 1601 962; x_wconf 90' lang='lat' dir='ltr'>oculis</span> <span class='ocrx_word' id='word_1_121' title='bbox 1634 935 1772 974; x_wconf 87' lang='lat' dir='ltr'>seque·</span> 
     </span>
     <span class='ocr_line' id='line_1_18' title="bbox 215 981 1773 1036; baseline -0.002 -13"><span class='ocrx_word' id='word_1_122' title='bbox 215 985 349 1036; x_wconf 90' lang='lat' dir='ltr'>batur,</span> <span class='ocrx_word' id='word_1_123' title='bbox 389 986 725 1023; x_wconf 86' lang='lat' dir='ltr'>circumstiterant</span> <span class='ocrx_word' id='word_1_124' title='bbox 756 985 927 1022; x_wconf 88' lang='lat' dir='ltr'>victores</span> <span class='ocrx_word' id='word_1_125' title='bbox 960 989 999 1022; x_wconf 91' lang='lat' dir='ltr'>et</span> <span class='ocrx_word' id='word_1_126' title='bbox 1030 984 1158 1034; x_wconf 90' lang='lat' dir='ltr'>primo</span> <span class='ocrx_word' id='word_1_127' title='bbox 1191 982 1423 1033; x_wconf 87' lang='lat' dir='ltr'>ingerebant</span> <span class='ocrx_word' id='word_1_128' title='bbox 1454 981 1616 1034; x_wconf 87' lang='lat' dir='ltr'>probra,</span> <span class='ocrx_word' id='word_1_129' title='bbox 1648 983 1773 1020; x_wconf 91' lang='lat' dir='ltr'>inten-</span> 
     </span>
     <span class='ocr_line' id='line_1_19' title="bbox 215 1041 1776 1095; baseline -0.002 -13"><span class='ocrx_word' id='word_1_130' title='bbox 215 1043 349 1082; x_wconf 87' lang='lat' dir='ltr'>tabant</span> <span class='ocrx_word' id='word_1_131' title='bbox 393 1045 514 1082; x_wconf 88' lang='lat' dir='ltr'>ictus:</span> <span class='ocrx_word' id='word_1_132' title='bbox 558 1055 665 1095; x_wconf 86' lang='lat' dir='ltr'>mox,</span> <span class='ocrx_word' id='word_1_133' title='bbox 711 1047 755 1082; x_wconf 88' lang='lat' dir='ltr'>ut</span> <span class='ocrx_word' id='word_1_134' title='bbox 797 1042 980 1094; x_wconf 88' lang='lat' dir='ltr'>praeberi</span> <span class='ocrx_word' id='word_1_135' title='bbox 1024 1055 1090 1081; x_wconf 89' lang='lat' dir='ltr'>ora</span> <span class='ocrx_word' id='word_1_136' title='bbox 1136 1041 1386 1080; x_wconf 88' lang='lat' dir='ltr'>contumeliis</span> <span class='ocrx_word' id='word_1_137' title='bbox 1428 1046 1466 1080; x_wconf 85' lang='lat' dir='ltr'>et</span> <span class='ocrx_word' id='word_1_138' title='bbox 1503 1042 1630 1092; x_wconf 89' lang='lat' dir='ltr'>posita</span> <span class='ocrx_word' id='word_1_139' title='bbox 1669 1041 1776 1079; x_wconf 89' lang='lat' dir='ltr'>omni</span> 
     </span>
     <span class='ocr_line' id='line_1_20' title="bbox 215 1100 1774 1153; baseline -0.002 -12"><span class='ocrx_word' id='word_1_140' title='bbox 215 1103 361 1141; x_wconf 89' lang='lat' dir='ltr'>ferocia</span> <span class='ocrx_word' id='word_1_141' title='bbox 407 1108 547 1141; x_wconf 89' lang='lat' dir='ltr'>cuncta</span> <span class='ocrx_word' id='word_1_142' title='bbox 588 1103 680 1141; x_wconf 92' lang='lat' dir='ltr'>victi</span> <span class='ocrx_word' id='word_1_143' title='bbox 718 1102 986 1153; x_wconf 89' lang='lat' dir='ltr'>patiebantur,</span> <span class='ocrx_word' id='word_1_144' title='bbox 1032 1101 1138 1140; x_wconf 86' lang='lat' dir='ltr'>subit</span> <span class='ocrx_word' id='word_1_145' title='bbox 1177 1100 1399 1139; x_wconf 88' lang='lat' dir='ltr'>recordatio</span> <span class='ocrx_word' id='word_1_146' title='bbox 1436 1100 1524 1139; x_wconf 91' lang='lat' dir='ltr'>illos</span> <span class='ocrx_word' id='word_1_147' title='bbox 1557 1112 1661 1152; x_wconf 90' lang='lat' dir='ltr'>esse,</span> <span class='ocrx_word' id='word_1_148' title='bbox 1707 1100 1774 1151; x_wconf 92' lang='lat' dir='ltr'>qui</span> 
     </span>
     <span class='ocr_line' id='line_1_21' title="bbox 214 1159 1775 1213; baseline -0.002 -12"><span class='ocrx_word' id='word_1_149' title='bbox 214 1175 342 1213; x_wconf 84' lang='lat' dir='ltr'>nuper</span> <span class='ocrx_word' id='word_1_150' title='bbox 377 1161 555 1201; x_wconf 87' lang='lat' dir='ltr'>Bedriaci</span> <span class='ocrx_word' id='word_1_151' title='bbox 587 1163 772 1200; x_wconf 90' lang='lat' dir='ltr'>victoriae</span> <span class='ocrx_word' id='word_1_152' title='bbox 807 1166 1105 1212; x_wconf 87' lang='lat' dir='ltr'>temperassent.</span> <span class='ocrx_word' id='word_1_153' title='bbox 1163 1160 1230 1198; x_wconf 90' lang='lat' dir='ltr'>sed</span> <span class='ocrx_word' id='word_1_154' title='bbox 1269 1159 1337 1199; x_wconf 86' lang='lat' dir='ltr'>ubi</span> <span class='ocrx_word' id='word_1_155' title='bbox 1370 1159 1534 1198; x_wconf 90' lang='lat' dir='ltr'>Caecina</span> <span class='ocrx_word' id='word_1_156' title='bbox 1572 1163 1775 1210; x_wconf 86' lang='lat' dir='ltr'>praetexta</span> 
     </span>
     <span class='ocr_line' id='line_1_22' title="bbox 214 1219 1775 1272; baseline -0.003 -12"><span class='ocrx_word' id='word_1_157' title='bbox 214 1221 501 1272; x_wconf 90' lang='lat' dir='ltr'>lictoribusque</span> <span class='ocrx_word' id='word_1_158' title='bbox 533 1222 698 1272; x_wconf 90' lang='lat' dir='ltr'>insignis</span> <span class='ocrx_word' id='word_1_159' title='bbox 737 1220 881 1259; x_wconf 89' lang='lat' dir='ltr'>dimota</span> <span class='ocrx_word' id='word_1_160' title='bbox 908 1219 1023 1259; x_wconf 91' lang='lat' dir='ltr'>turba</span> <span class='ocrx_word' id='word_1_161' title='bbox 1062 1219 1200 1258; x_wconf 87' lang='lat' dir='ltr'>consul</span> <span class='ocrx_word' id='word_1_162' title='bbox 1233 1219 1407 1269; x_wconf 87' lang='lat' dir='ltr'>incessit,</span> <span class='ocrx_word' id='word_1_163' title='bbox 1440 1230 1622 1257; x_wconf 85' lang='lat' dir='ltr'>exarsere</span> <span class='ocrx_word' id='word_1_164' title='bbox 1654 1219 1775 1257; x_wconf 91' lang='lat' dir='ltr'>victo-</span> 
     </span>
     <span class='ocr_line' id='line_1_23' title="bbox 213 1272 1777 1332; baseline -0.003 -12"><span class='ocrx_word' id='word_1_165' title='bbox 213 1293 296 1320; x_wconf 87' lang='lat' dir='ltr'>res:</span> <span class='ocrx_word' id='word_1_166' title='bbox 342 1279 568 1332; x_wconf 90' lang='lat' dir='ltr'>superbiam</span> <span class='ocrx_word' id='word_1_167' title='bbox 613 1280 911 1331; x_wconf 88' lang='lat' dir='ltr'>saevitiamque,</span> <span class='ocrx_word' id='word_1_168' title='bbox 963 1276 1077 1331; x_wconf 87' lang='lat' dir='ltr'>(adeo</span> <span class='ocrx_word' id='word_1_169' title='bbox 1125 1279 1250 1317; x_wconf 89' lang='lat' dir='ltr'>invisa</span> <span class='ocrx_word' id='word_1_170' title='bbox 1295 1277 1445 1317; x_wconf 88' lang='lat' dir='ltr'>scelera</span> <span class='ocrx_word' id='word_1_171' title='bbox 1495 1272 1607 1331; x_wconf 89' lang='lat' dir='ltr'>sunt)</span> <span class='ocrx_word' id='word_1_172' title='bbox 1659 1274 1777 1316; x_wconf 79' lang='lat' dir='ltr'>etiam</span> 
     </span>
    </p>
   </div>
   <div class='ocr_carea' id='block_1_6' title="bbox 212 1416 961 2929">
    <p class='ocr_par' dir='ltr' id='par_1_6' title="bbox 212 1416 959 1791">
     <span class='ocr_line' id='line_1_24' title="bbox 260 1416 959 1463; baseline -0.001 -11"><span class='ocrx_word' id='word_1_173' title='bbox 260 1422 293 1454; x_wconf 88' lang='lat'>2.</span> <span class='ocrx_word' id='word_1_174' title='bbox 320 1429 401 1453; x_wconf 86' lang='lat' dir='ltr'>cum</span> <span class='ocrx_word' id='word_1_175' title='bbox 427 1417 667 1463; x_wconf 70' lang='lat' dir='ltr'>lanquescere]</span> <span class='ocrx_word' id='word_1_176' title='bbox 701 1418 773 1452; x_wconf 87' lang='lat' dir='ltr'>Der</span> <span class='ocrx_word' id='word_1_177' title='bbox 798 1416 866 1451; x_wconf 90' lang='lat' dir='ltr'>Inf.</span> <span class='ocrx_word' id='word_1_178' title='bbox 895 1417 959 1451; x_wconf 88' lang='lat' dir='ltr'>de-</span> 
     </span>
     <span class='ocr_line' id='line_1_25' title="bbox 214 1464 959 1510; baseline -0.001 -11"><span class='ocrx_word' id='word_1_179' title='bbox 214 1464 412 1510; x_wconf 78' lang='lat' dir='ltr'>scriptivus</span> <span class='ocrx_word' id='word_1_180' title='bbox 431 1465 469 1500; x_wconf 88' lang='lat' dir='ltr'>in</span> <span class='ocrx_word' id='word_1_181' title='bbox 490 1464 704 1500; x_wconf 76' lang='lat' dir='ltr'>relativiseh</span> <span class='ocrx_word' id='word_1_182' title='bbox 720 1465 788 1498; x_wconf 72' lang='lat' dir='ltr'>mit</span> <span class='ocrx_word' id='word_1_183' title='bbox 801 1475 881 1499; x_wconf 86' lang='lat' dir='ltr'>cum</span> <span class='ocrx_word' id='word_1_184' title='bbox 894 1474 959 1498; x_wconf 80' lang='lat' dir='ltr'>an-</span> 
     </span>
     <span class='ocr_line' id='line_1_26' title="bbox 214 1510 959 1558; baseline -0.004 -11"><span class='ocrx_word' id='word_1_185' title='bbox 214 1513 447 1558; x_wconf 74' lang='lat' dir='ltr'>gekniipften</span> <span class='ocrx_word' id='word_1_186' title='bbox 469 1512 720 1556; x_wconf 62' lang='lat' dir='ltr'>Hauptsatzen</span> <span class='ocrx_word' id='word_1_187' title='bbox 746 1512 861 1545; x_wconf 68' lang='lat' dir='ltr'>findet</span> <span class='ocrx_word' id='word_1_188' title='bbox 881 1510 959 1545; x_wconf 89' lang='lat' dir='ltr'>sich</span> 
     </span>
     <span class='ocr_line' id='line_1_27' title="bbox 212 1558 959 1604; baseline -0.003 -10"><span class='ocrx_word' id='word_1_189' title='bbox 212 1560 308 1595; x_wconf 88' lang='lat' dir='ltr'>nach</span> <span class='ocrx_word' id='word_1_190' title='bbox 347 1560 431 1594; x_wconf 85' lang='lat' dir='ltr'>dem</span> <span class='ocrx_word' id='word_1_191' title='bbox 463 1559 662 1604; x_wconf 75' lang='lat' dir='ltr'>Vorgange</span> <span class='ocrx_word' id='word_1_192' title='bbox 707 1570 779 1594; x_wconf 85' lang='lat' dir='ltr'>von</span> <span class='ocrx_word' id='word_1_193' title='bbox 819 1558 959 1594; x_wconf 76' lang='lat' dir='ltr'>Sallust</span> 
     </span>
     <span class='ocr_line' id='line_1_28' title="bbox 212 1606 956 1649; baseline -0.001 -8"><span class='ocrx_word' id='word_1_194' title='bbox 212 1607 288 1641; x_wconf 88' lang='lat' dir='ltr'>und</span> <span class='ocrx_word' id='word_1_195' title='bbox 315 1606 441 1642; x_wconf 88' lang='lat' dir='ltr'>Livius</span> <span class='ocrx_word' id='word_1_196' title='bbox 462 1606 523 1641; x_wconf 89' lang='lat' dir='ltr'>bei</span> <span class='ocrx_word' id='word_1_197' title='bbox 543 1606 627 1640; x_wconf 80' lang='lat' dir='ltr'>Tac.</span> <span class='ocrx_word' id='word_1_198' title='bbox 650 1606 773 1649; x_wconf 70' lang='lat' dir='ltr'>&amp;fter-s,</span> <span class='ocrx_word' id='word_1_199' title='bbox 800 1618 828 1639; x_wconf 89' lang='lat' dir='ltr'>z.</span> <span class='ocrx_word' id='word_1_200' title='bbox 852 1606 890 1641; x_wconf 91' lang='grc' dir='ltr'>Β.</span> <span class='ocrx_word' id='word_1_201' title='bbox 914 1607 956 1640; x_wconf 91' lang='grc' dir='ltr'><strong>Α.</strong></span> 
     </span>
     <span class='ocr_line' id='line_1_29' title="bbox 212 1653 956 1697; baseline -0.004 -8"><span class='ocrx_word' id='word_1_202' title='bbox 212 1654 311 1689; x_wconf 72' lang='grc'><strong>131.</strong></span> <span class='ocrx_word' id='word_1_203' title='bbox 332 1659 388 1689; x_wconf 87' lang='lat'>40.</span> <span class='ocrx_word' id='word_1_204' title='bbox 417 1653 461 1697; x_wconf 88' lang='grc' dir='ltr'>ΙΙ,</span> <span class='ocrx_word' id='word_1_205' title='bbox 484 1658 538 1689; x_wconf 86' lang='lat'>31.</span> <span class='ocrx_word' id='word_1_206' title='bbox 566 1653 627 1696; x_wconf 85' lang='lat' dir='ltr'>IV,</span> <span class='ocrx_word' id='word_1_207' title='bbox 649 1657 703 1689; x_wconf 86' lang='lat'>50.</span> <span class='ocrx_word' id='word_1_208' title='bbox 732 1654 791 1688; x_wconf 82' lang='lat' dir='ltr'>VI.</span> <span class='ocrx_word' id='word_1_209' title='bbox 813 1656 868 1688; x_wconf 86' lang='lat'>44.</span> <span class='ocrx_word' id='word_1_210' title='bbox 896 1653 956 1696; x_wconf 81' lang='lat' dir='ltr'>XI,</span> 
     </span>
     <span class='ocr_line' id='line_1_30' title="bbox 213 1700 956 1745; baseline -0.001 -10"><span class='ocrx_word' id='word_1_211' title='bbox 213 1706 269 1737; x_wconf 88' lang='lat'>34.</span> <span class='ocrx_word' id='word_1_212' title='bbox 320 1701 425 1745; x_wconf 90' lang='lat' dir='ltr'>XIII,</span> <span class='ocrx_word' id='word_1_213' title='bbox 458 1705 515 1736; x_wconf 84' lang='lat'>57.</span> <span class='ocrx_word' id='word_1_214' title='bbox 565 1700 666 1744; x_wconf 90' lang='lat' dir='ltr'>XlV,</span> <span class='ocrx_word' id='word_1_215' title='bbox 703 1705 733 1735; x_wconf 84' lang='lat'>5.</span> <span class='ocrx_word' id='word_1_216' title='bbox 785 1701 872 1744; x_wconf 86' lang='lat' dir='ltr'>Agr.</span> <span class='ocrx_word' id='word_1_217' title='bbox 901 1704 956 1734; x_wconf 86' lang='lat'>29.</span> 
     </span>
     <span class='ocr_line' id='line_1_31' title="bbox 212 1747 958 1791; baseline -0.001 -8"><span class='ocrx_word' id='word_1_218' title='bbox 212 1749 334 1785; x_wconf 83' lang='lat' dir='ltr'>Madv.</span> <span class='ocrx_word' id='word_1_219' title='bbox 374 1752 392 1791; x_wconf 68' lang='lat' dir='ltr'>g</span> <span class='ocrx_word' id='word_1_220' title='bbox 425 1752 504 1783; x_wconf 84' lang='lat'>392.</span> <span class='ocrx_word' id='word_1_221' title='bbox 534 1747 683 1783; x_wconf 76' lang='lat' dir='ltr'>Schultz</span> <span class='ocrx_word' id='word_1_222' title='bbox 710 1752 728 1790; x_wconf 61' lang='grc' dir='ltr'>ξ</span> <span class='ocrx_word' id='word_1_223' title='bbox 756 1751 824 1782; x_wconf 85' lang='lat'>365</span> <span class='ocrx_word' id='word_1_224' title='bbox 853 1750 894 1782; x_wconf 84' lang='lat' dir='ltr'>A.</span> <span class='ocrx_word' id='word_1_225' title='bbox 923 1750 958 1782; x_wconf 87' lang='lat'>3.</span> 
     </span>
    </p>

    <p class='ocr_par' dir='ltr' id='par_1_7' title="bbox 213 1795 958 1887">
     <span class='ocr_line' id='line_1_32' title="bbox 261 1795 958 1839; baseline -0.004 -8"><span class='ocrx_word' id='word_1_226' title='bbox 261 1800 292 1831; x_wconf 92' lang='lat'>3.</span> <span class='ocrx_word' id='word_1_227' title='bbox 314 1798 441 1831; x_wconf 78' lang='lat' dir='ltr'>ordine</span> <span class='ocrx_word' id='word_1_228' title='bbox 461 1797 598 1831; x_wconf 78' lang='lat' dir='ltr'>anteire</span> <span class='ocrx_word' id='word_1_229' title='bbox 622 1795 754 1830; x_wconf 68' lang='lat' dir='ltr'>‘hoher</span> <span class='ocrx_word' id='word_1_230' title='bbox 765 1795 815 1829; x_wconf 89' lang='lat' dir='ltr'>im</span> <span class='ocrx_word' id='word_1_231' title='bbox 830 1796 958 1839; x_wconf 81' lang='lat' dir='ltr'>Range</span> 
     </span>
     <span class='ocr_line' id='line_1_33' title="bbox 213 1843 715 1887; baseline -0.006 -8"><span class='ocrx_word' id='word_1_232' title='bbox 213 1843 372 1887; x_wconf 73' lang='lat' dir='ltr'>stehen’3</span> <span class='ocrx_word' id='word_1_233' title='bbox 399 1856 425 1878; x_wconf 82' lang='lat' dir='ltr'>S.</span> <span class='ocrx_word' id='word_1_234' title='bbox 454 1855 497 1878; x_wconf 87' lang='lat' dir='ltr'>zu</span> <span class='ocrx_word' id='word_1_235' title='bbox 522 1843 550 1886; x_wconf 92' lang='lat' dir='ltr'>I,</span> <span class='ocrx_word' id='word_1_236' title='bbox 576 1846 633 1887; x_wconf 88' lang='lat'>31,</span> <span class='ocrx_word' id='word_1_237' title='bbox 662 1846 715 1877; x_wconf 91' lang='lat'>13.</span> 
     </span>
    </p>

    <p class='ocr_par' dir='ltr' id='par_1_8' title="bbox 213 1889 957 1982">
     <span class='ocr_line' id='line_1_34' title="bbox 262 1889 957 1935; baseline -0.004 -9"><span class='ocrx_word' id='word_1_238' title='bbox 262 1892 381 1926; x_wconf 79' lang='lat' dir='ltr'>cedere</span> <span class='ocrx_word' id='word_1_239' title='bbox 408 1890 502 1924; x_wconf 80' lang='lat' dir='ltr'>‘sich</span> <span class='ocrx_word' id='word_1_240' title='bbox 527 1890 670 1935; x_wconf 72' lang='lat' dir='ltr'>stigen&#39;,</span> <span class='ocrx_word' id='word_1_241' title='bbox 697 1890 766 1924; x_wconf 87' lang='lat' dir='ltr'>wie</span> <span class='ocrx_word' id='word_1_242' title='bbox 788 1889 892 1925; x_wconf 84' lang='lat' dir='ltr'>Caes.</span> <span class='ocrx_word' id='word_1_243' title='bbox 922 1889 957 1924; x_wconf 93' lang='lat' dir='ltr'>b.</span> 
     </span>
     <span class='ocr_line' id='line_1_35' title="bbox 213 1938 504 1982; baseline -0.01 -8"><span class='ocrx_word' id='word_1_244' title='bbox 213 1939 254 1974; x_wconf 87' lang='lat' dir='ltr'>G.</span> <span class='ocrx_word' id='word_1_245' title='bbox 282 1938 361 1982; x_wconf 89' lang='lat' dir='ltr'>VII,</span> <span class='ocrx_word' id='word_1_246' title='bbox 389 1942 444 1982; x_wconf 85' lang='lat'>89,</span> <span class='ocrx_word' id='word_1_247' title='bbox 472 1942 504 1971; x_wconf 91' lang='lat'>2.</span> 
     </span>
    </p>

    <p class='ocr_par' dir='ltr' id='par_1_9' title="bbox 260 1984 753 2031">
     <span class='ocr_line' id='line_1_36' title="bbox 260 1984 753 2031; baseline -0.008 -10"><span class='ocrx_word' id='word_1_248' title='bbox 260 1986 414 2031; x_wconf 76' lang='lat' dir='ltr'>excissa]</span> <span class='ocrx_word' id='word_1_249' title='bbox 444 1997 469 2020; x_wconf 92' lang='lat' dir='ltr'>s.</span> <span class='ocrx_word' id='word_1_250' title='bbox 498 1997 540 2019; x_wconf 90' lang='lat' dir='ltr'>zu</span> <span class='ocrx_word' id='word_1_251' title='bbox 567 1984 611 2027; x_wconf 93' lang='lat' dir='ltr'>II,</span> <span class='ocrx_word' id='word_1_252' title='bbox 639 1988 695 2027; x_wconf 88' lang='lat'>38,</span> <span class='ocrx_word' id='word_1_253' title='bbox 721 1987 753 2017; x_wconf 88' lang='lat'>4.</span> 
     </span>
    </p>

    <p class='ocr_par' dir='ltr' id='par_1_10' title="bbox 260 2030 956 2078">
     <span class='ocr_line' id='line_1_37' title="bbox 260 2030 956 2078; baseline -0.006 -10"><span class='ocrx_word' id='word_1_254' title='bbox 260 2037 292 2067; x_wconf 89' lang='lat'>4.</span> <span class='ocrx_word' id='word_1_255' title='bbox 325 2033 470 2078; x_wconf 69' lang='lat' dir='ltr'>vulqus]</span> <span class='ocrx_word' id='word_1_256' title='bbox 506 2033 585 2067; x_wconf 78' lang='lat' dir='ltr'>‘der</span> <span class='ocrx_word' id='word_1_257' title='bbox 617 2032 783 2076; x_wconf 85' lang='lat' dir='ltr'>gemeine</span> <span class='ocrx_word' id='word_1_258' title='bbox 815 2030 956 2065; x_wconf 84' lang='lat' dir='ltr'>Mann&#39;.</span> 
     </span>
    </p>

    <p class='ocr_par' dir='ltr' id='par_1_11' title="bbox 214 2078 957 2172">
     <span class='ocr_line' id='line_1_38' title="bbox 262 2078 957 2126; baseline -0.006 -11"><span class='ocrx_word' id='word_1_259' title='bbox 262 2085 292 2115; x_wconf 87' lang='lat'>6.</span> <span class='ocrx_word' id='word_1_260' title='bbox 356 2081 568 2126; x_wconf 74' lang='lat' dir='ltr'>iynobilitas</span> <span class='ocrx_word' id='word_1_261' title='bbox 633 2078 957 2123; x_wconf 79' lang='lat' dir='ltr'>‘untergeordnete</span> 
     </span>
     <span class='ocr_line' id='line_1_39' title="bbox 214 2127 415 2172; baseline -0.01 -9"><span class='ocrx_word' id='word_1_262' title='bbox 214 2127 415 2172; x_wconf 70' lang='lat' dir='ltr'>Stellung’.</span> 
     </span>
    </p>

    <p class='ocr_par' dir='ltr' id='par_1_12' title="bbox 213 2173 958 2264">
     <span class='ocr_line' id='line_1_40' title="bbox 263 2173 958 2218; baseline -0.007 -8"><span class='ocrx_word' id='word_1_263' title='bbox 263 2179 293 2211; x_wconf 83' lang='lat'>7.</span> <span class='ocrx_word' id='word_1_264' title='bbox 317 2176 445 2210; x_wconf 80' lang='lat' dir='ltr'>bellum</span> <span class='ocrx_word' id='word_1_265' title='bbox 460 2184 594 2218; x_wconf 81' lang='lat' dir='ltr'>ponere</span> <span class='ocrx_word' id='word_1_266' title='bbox 613 2173 670 2207; x_wconf 76' lang='lat' dir='ltr'>ffir</span> <span class='ocrx_word' id='word_1_267' title='bbox 690 2183 794 2207; x_wconf 86' lang='lat' dir='ltr'>arma</span> <span class='ocrx_word' id='word_1_268' title='bbox 812 2183 958 2215; x_wconf 78' lang='lat' dir='ltr'>ponere,</span> 
     </span>
     <span class='ocr_line' id='line_1_41' title="bbox 213 2218 873 2264; baseline -0.006 -7"><span class='ocrx_word' id='word_1_269' title='bbox 213 2222 282 2257; x_wconf 89' lang='lat' dir='ltr'>wie</span> <span class='ocrx_word' id='word_1_270' title='bbox 314 2222 372 2256; x_wconf 86' lang='lat' dir='ltr'>bei</span> <span class='ocrx_word' id='word_1_271' title='bbox 400 2221 550 2264; x_wconf 73' lang='lat' dir='ltr'>Sallust,</span> <span class='ocrx_word' id='word_1_272' title='bbox 576 2220 708 2263; x_wconf 86' lang='lat' dir='ltr'>Horaz,</span> <span class='ocrx_word' id='word_1_273' title='bbox 735 2218 873 2254; x_wconf 86' lang='lat' dir='ltr'>Livius.</span> 
     </span>
    </p>

    <p class='ocr_par' dir='ltr' id='par_1_13' title="bbox 215 2266 958 2360">
     <span class='ocr_line' id='line_1_42' title="bbox 269 2266 958 2314; baseline -0.004 -10"><span class='ocrx_word' id='word_1_274' title='bbox 269 2273 300 2304; x_wconf 88' lang='lat'>8.</span> <span class='ocrx_word' id='word_1_275' title='bbox 317 2269 511 2314; x_wconf 76' lang='lat' dir='ltr'>primores]</span> <span class='ocrx_word' id='word_1_276' title='bbox 540 2267 690 2311; x_wconf 85' lang='lat' dir='ltr'>tribuni,</span> <span class='ocrx_word' id='word_1_277' title='bbox 717 2266 958 2310; x_wconf 76' lang='lat' dir='ltr'>centuriones,</span> 
     </span>
     <span class='ocr_line' id='line_1_43' title="bbox 215 2314 770 2360; baseline -0.005 -9"><span class='ocrx_word' id='word_1_278' title='bbox 215 2317 443 2360; x_wconf 83' lang='lat' dir='ltr'>decuriones,</span> <span class='ocrx_word' id='word_1_279' title='bbox 472 2316 547 2350; x_wconf 85' lang='lat' dir='ltr'>‘die</span> <span class='ocrx_word' id='word_1_280' title='bbox 574 2314 770 2349; x_wconf 84' lang='lat' dir='ltr'>Offiziere&#39;.</span> 
     </span>
    </p>

    <p class='ocr_par' dir='ltr' id='par_1_14' title="bbox 213 2360 961 2501">
     <span class='ocr_line' id='line_1_44' title="bbox 262 2360 959 2409; baseline -0.006 -11"><span class='ocrx_word' id='word_1_281' title='bbox 262 2364 406 2409; x_wconf 83' lang='lat' dir='ltr'>nornen]</span> <span class='ocrx_word' id='word_1_282' title='bbox 428 2364 542 2408; x_wconf 85' lang='lat' dir='ltr'>signis</span> <span class='ocrx_word' id='word_1_283' title='bbox 563 2364 601 2397; x_wconf 78' lang='lat' dir='ltr'>et:</span> <span class='ocrx_word' id='word_1_284' title='bbox 618 2361 763 2397; x_wconf 86' lang='lat' dir='ltr'>vexillis</span> <span class='ocrx_word' id='word_1_285' title='bbox 783 2360 959 2405; x_wconf 81' lang='lat' dir='ltr'>praescri-</span> 
     </span>
     <span class='ocr_line' id='line_1_45' title="bbox 214 2409 961 2456; baseline -0.005 -11"><span class='ocrx_word' id='word_1_286' title='bbox 214 2414 330 2456; x_wconf 85' lang='lat' dir='ltr'>ptum.</span> <span class='ocrx_word' id='word_1_287' title='bbox 382 2410 466 2455; x_wconf 84' lang='lat' dir='ltr'>Vgl.</span> <span class='ocrx_word' id='word_1_288' title='bbox 494 2422 523 2445; x_wconf 88' lang='lat' dir='ltr'>c.</span> <span class='ocrx_word' id='word_1_289' title='bbox 552 2414 606 2445; x_wconf 89' lang='lat'>13.</span> <span class='ocrx_word' id='word_1_290' title='bbox 634 2409 684 2452; x_wconf 94' lang='grc' dir='ltr'>ΙΙ,</span> <span class='ocrx_word' id='word_1_291' title='bbox 712 2412 756 2443; x_wconf 83' lang='grc'>85</span> <span class='ocrx_word' id='word_1_292' title='bbox 792 2409 961 2442; x_wconf 68' lang='lat' dir='ltr'>laceratis</span> 
     </span>
     <span class='ocr_line' id='line_1_46' title="bbox 213 2456 958 2501; baseline -0.005 -8"><span class='ocrx_word' id='word_1_293' title='bbox 213 2459 356 2493; x_wconf 73' lang='lat' dir='ltr'>veaeillis</span> <span class='ocrx_word' id='word_1_294' title='bbox 366 2469 494 2493; x_wconf 82' lang='lat' dir='ltr'>nomen</span> <span class='ocrx_word' id='word_1_295' title='bbox 510 2457 647 2492; x_wconf 82' lang='lat' dir='ltr'>Vitellii</span> <span class='ocrx_word' id='word_1_296' title='bbox 658 2456 958 2501; x_wconf 69' lang='lat' dir='ltr'>praeferentibus.</span> 
     </span>
    </p>

    <p class='ocr_par' dir='ltr' id='par_1_15' title="bbox 214 2503 960 2597">
     <span class='ocr_line' id='line_1_47' title="bbox 261 2503 960 2550; baseline -0.007 -10"><span class='ocrx_word' id='word_1_297' title='bbox 261 2505 453 2550; x_wconf 71' lang='lat' dir='ltr'>imayines]</span> <span class='ocrx_word' id='word_1_298' title='bbox 481 2505 519 2539; x_wconf 91' lang='lat' dir='ltr'>in</span> <span class='ocrx_word' id='word_1_299' title='bbox 542 2503 734 2549; x_wconf 85' lang='lat' dir='ltr'>principiis</span> <span class='ocrx_word' id='word_1_300' title='bbox 755 2504 960 2537; x_wconf 79' lang='lat' dir='ltr'>castrorum</span> 
     </span>
     <span class='ocr_line' id='line_1_48' title="bbox 214 2552 722 2597; baseline -0.004 -10"><span class='ocrx_word' id='word_1_301' title='bbox 214 2553 363 2597; x_wconf 80' lang='lat' dir='ltr'>positas.</span> <span class='ocrx_word' id='word_1_302' title='bbox 417 2552 499 2596; x_wconf 82' lang='lat' dir='ltr'>Vgl.</span> <span class='ocrx_word' id='word_1_303' title='bbox 528 2563 557 2587; x_wconf 80' lang='lat' dir='ltr'>c,</span> <span class='ocrx_word' id='word_1_304' title='bbox 587 2556 640 2586; x_wconf 90' lang='lat'>13.</span> <span class='ocrx_word' id='word_1_305' title='bbox 671 2555 722 2585; x_wconf 85' lang='lat'>14.</span> 
     </span>
    </p>

    <p class='ocr_par' dir='ltr' id='par_1_16' title="bbox 263 2597 959 2643">
     <span class='ocr_line' id='line_1_49' title="bbox 263 2597 959 2643; baseline -0.004 -9"><span class='ocrx_word' id='word_1_306' title='bbox 263 2604 294 2634; x_wconf 88' lang='grc'>9.</span> <span class='ocrx_word' id='word_1_307' title='bbox 322 2601 430 2635; x_wconf 78' lang='lat' dir='ltr'>etiam</span> <span class='ocrx_word' id='word_1_308' title='bbox 450 2603 536 2634; x_wconf 78' lang='lat' dir='ltr'>tunc</span> <span class='ocrx_word' id='word_1_309' title='bbox 547 2598 704 2643; x_wconf 83' lang='lat' dir='ltr'>vinetus]</span> <span class='ocrx_word' id='word_1_310' title='bbox 723 2597 795 2643; x_wconf 86' lang='lat' dir='ltr'>vgl.</span> <span class='ocrx_word' id='word_1_311' title='bbox 813 2608 840 2631; x_wconf 91' lang='lat' dir='ltr'>c.</span> <span class='ocrx_word' id='word_1_312' title='bbox 859 2600 912 2639; x_wconf 86' lang='lat'>14,</span> <span class='ocrx_word' id='word_1_313' title='bbox 928 2600 959 2631; x_wconf 88' lang='grc'>3.</span> 
     </span>
    </p>

    <p class='ocr_par' dir='ltr' id='par_1_17' title="bbox 214 2644 961 2738">
     <span class='ocr_line' id='line_1_50' title="bbox 266 2644 961 2692; baseline -0.004 -12"><span class='ocrx_word' id='word_1_314' title='bbox 266 2651 318 2682; x_wconf 91' lang='grc'><strong>10.</strong></span> <span class='ocrx_word' id='word_1_315' title='bbox 346 2647 517 2692; x_wconf 76' lang='lat' dir='ltr'>adsistat]</span> <span class='ocrx_word' id='word_1_316' title='bbox 551 2647 608 2681; x_wconf 78' lang='lat' dir='ltr'>fiir</span> <span class='ocrx_word' id='word_1_317' title='bbox 634 2646 743 2688; x_wconf 78' lang='lat' dir='ltr'>adsit,</span> <span class='ocrx_word' id='word_1_318' title='bbox 768 2644 837 2679; x_wconf 86' lang='lat' dir='ltr'>wie</span> <span class='ocrx_word' id='word_1_319' title='bbox 865 2644 961 2678; x_wconf 82' lang='lat' dir='ltr'>auch</span> 
     </span>
     <span class='ocr_line' id='line_1_51' title="bbox 214 2695 442 2738; baseline 0.004 -10"><span class='ocrx_word' id='word_1_320' title='bbox 214 2695 276 2737; x_wconf 75' lang='lat' dir='ltr'>IV,</span> <span class='ocrx_word' id='word_1_321' title='bbox 303 2698 359 2738; x_wconf 89' lang='lat'>83,</span> <span class='ocrx_word' id='word_1_322' title='bbox 389 2698 442 2729; x_wconf 86' lang='lat'>16.</span> 
     </span>
    </p>

    <p class='ocr_par' dir='ltr' id='par_1_18' title="bbox 214 2739 957 2881">
     <span class='ocr_line' id='line_1_52' title="bbox 264 2739 957 2783; baseline -0.006 -7"><span class='ocrx_word' id='word_1_323' title='bbox 264 2745 317 2777; x_wconf 93' lang='lat'>11.</span> <span class='ocrx_word' id='word_1_324' title='bbox 358 2746 496 2776; x_wconf 84' lang='lat' dir='ltr'>tumens</span> <span class='ocrx_word' id='word_1_325' title='bbox 531 2739 812 2783; x_wconf 79' lang='lat' dir='ltr'>‘aufbrausend,</span> <span class='ocrx_word' id='word_1_326' title='bbox 846 2749 957 2782; x_wconf 87' lang='lat' dir='ltr'>unge-</span> 
     </span>
     <span class='ocr_line' id='line_1_53' title="bbox 214 2785 955 2833; baseline -0.008 -9"><span class='ocrx_word' id='word_1_327' title='bbox 214 2789 376 2833; x_wconf 66' lang='lat' dir='ltr'>bardig’.</span> <span class='ocrx_word' id='word_1_328' title='bbox 433 2788 558 2822; x_wconf 79' lang='lat' dir='ltr'>Etwas</span> <span class='ocrx_word' id='word_1_329' title='bbox 592 2788 722 2822; x_wconf 82' lang='lat' dir='ltr'>anders</span> <span class='ocrx_word' id='word_1_330' title='bbox 755 2785 787 2830; x_wconf 96' lang='grc' dir='ltr'>Ι,</span> <span class='ocrx_word' id='word_1_331' title='bbox 822 2789 881 2829; x_wconf 87' lang='grc'>16,</span> <span class='ocrx_word' id='word_1_332' title='bbox 917 2788 955 2818; x_wconf 93' lang='grc'>11</span> 
     </span>
     <span class='ocr_line' id='line_1_54' title="bbox 218 2835 761 2881; baseline -0.004 -11"><span class='ocrx_word' id='word_1_333' title='bbox 218 2836 489 2881; x_wconf 81' lang='lat' dir='ltr'>‘ausgeblasen,</span> <span class='ocrx_word' id='word_1_334' title='bbox 516 2835 761 2869; x_wconf 72' lang='lat' dir='ltr'>dunkelvoll&#39;.</span> 
     </span>
    </p>

    <p class='ocr_par' dir='ltr' id='par_1_19' title="bbox 263 2882 772 2929">
     <span class='ocr_line' id='line_1_55' title="bbox 263 2882 772 2929; baseline -0.006 -11"><span class='ocrx_word' id='word_1_335' title='bbox 263 2884 444 2929; x_wconf 68' lang='lat' dir='ltr'>fatiqant]</span> <span class='ocrx_word' id='word_1_336' title='bbox 473 2895 499 2917; x_wconf 87' lang='lat' dir='ltr'>s.</span> <span class='ocrx_word' id='word_1_337' title='bbox 528 2894 570 2917; x_wconf 89' lang='lat' dir='ltr'>zu</span> <span class='ocrx_word' id='word_1_338' title='bbox 596 2882 628 2926; x_wconf 90' lang='lat' dir='ltr'>I,</span> <span class='ocrx_word' id='word_1_339' title='bbox 657 2886 712 2925; x_wconf 86' lang='lat'>29,</span> <span class='ocrx_word' id='word_1_340' title='bbox 743 2885 772 2915; x_wconf 91' lang='lat'>1.</span> 
     </span>
    </p>
   </div>
   <div class='ocr_carea' id='block_1_7' title="bbox 1031 1413 1779 2926">
    <p class='ocr_par' dir='ltr' id='par_1_20' title="bbox 1032 1413 1776 1695">
     <span class='ocr_line' id='line_1_56' title="bbox 1080 1413 1776 1460; baseline -0.006 -9"><span class='ocrx_word' id='word_1_341' title='bbox 1080 1419 1275 1451; x_wconf 70' lang='lat' dir='ltr'>extremum</span> <span class='ocrx_word' id='word_1_342' title='bbox 1313 1415 1505 1460; x_wconf 76' lang='lat' dir='ltr'>malorum]</span> <span class='ocrx_word' id='word_1_343' title='bbox 1553 1413 1776 1459; x_wconf 77' lang='lat' dir='ltr'>Apposition</span> 
     </span>
     <span class='ocr_line' id='line_1_57' title="bbox 1032 1460 1775 1507; baseline -0.003 -10"><span class='ocrx_word' id='word_1_344' title='bbox 1032 1475 1113 1497; x_wconf 89' lang='lat' dir='ltr'>zum</span> <span class='ocrx_word' id='word_1_345' title='bbox 1150 1462 1450 1507; x_wconf 83' lang='lat' dir='ltr'>nachfolgenden</span> <span class='ocrx_word' id='word_1_346' title='bbox 1487 1462 1605 1496; x_wconf 76' lang='lat' dir='ltr'>Satze.</span> <span class='ocrx_word' id='word_1_347' title='bbox 1664 1460 1698 1496; x_wconf 89' lang='lat' dir='ltr'>S.</span> <span class='ocrx_word' id='word_1_348' title='bbox 1731 1473 1775 1495; x_wconf 90' lang='lat' dir='ltr'>zu</span> 
     </span>
     <span class='ocr_line' id='line_1_58' title="bbox 1032 1507 1775 1554; baseline -0.003 -10"><span class='ocrx_word' id='word_1_349' title='bbox 1032 1510 1058 1554; x_wconf 90' lang='lat' dir='ltr'>I,</span> <span class='ocrx_word' id='word_1_350' title='bbox 1085 1514 1141 1554; x_wconf 89' lang='lat'>44,</span> <span class='ocrx_word' id='word_1_351' title='bbox 1169 1514 1222 1544; x_wconf 93' lang='lat'>12.</span> <span class='ocrx_word' id='word_1_352' title='bbox 1274 1510 1347 1544; x_wconf 91' lang='lat' dir='ltr'>Des</span> <span class='ocrx_word' id='word_1_353' title='bbox 1372 1508 1629 1544; x_wconf 77' lang='lat' dir='ltr'>rhetorischen</span> <span class='ocrx_word' id='word_1_354' title='bbox 1653 1507 1775 1542; x_wconf 86' lang='lat' dir='ltr'>Nach-</span> 
     </span>
     <span class='ocr_line' id='line_1_59' title="bbox 1033 1554 1776 1600; baseline -0.003 -9"><span class='ocrx_word' id='word_1_355' title='bbox 1033 1558 1168 1592; x_wconf 87' lang='lat' dir='ltr'>drueks</span> <span class='ocrx_word' id='word_1_356' title='bbox 1201 1557 1332 1592; x_wconf 86' lang='lat' dir='ltr'>halber</span> <span class='ocrx_word' id='word_1_357' title='bbox 1357 1557 1441 1592; x_wconf 77' lang='lat' dir='ltr'>tritt</span> <span class='ocrx_word' id='word_1_358' title='bbox 1466 1556 1525 1590; x_wconf 89' lang='lat' dir='ltr'>die</span> <span class='ocrx_word' id='word_1_359' title='bbox 1551 1554 1776 1600; x_wconf 77' lang='lat' dir='ltr'>Apposition</span> 
     </span>
     <span class='ocr_line' id='line_1_60' title="bbox 1032 1602 1775 1648; baseline -0.003 -9"><span class='ocrx_word' id='word_1_360' title='bbox 1032 1616 1163 1648; x_wconf 83' lang='lat' dir='ltr'>voran,</span> <span class='ocrx_word' id='word_1_361' title='bbox 1197 1605 1266 1639; x_wconf 84' lang='lat' dir='ltr'>wie</span> <span class='ocrx_word' id='word_1_362' title='bbox 1297 1605 1330 1648; x_wconf 93' lang='lat' dir='ltr'>I,</span> <span class='ocrx_word' id='word_1_363' title='bbox 1366 1607 1426 1647; x_wconf 84' lang='lat'>15,</span> <span class='ocrx_word' id='word_1_364' title='bbox 1453 1608 1508 1638; x_wconf 87' lang='lat'>22.</span> <span class='ocrx_word' id='word_1_365' title='bbox 1552 1602 1603 1647; x_wconf 90' lang='grc' dir='ltr'>ΙΙ,</span> <span class='ocrx_word' id='word_1_366' title='bbox 1630 1607 1693 1647; x_wconf 88' lang='grc'>32,</span> <span class='ocrx_word' id='word_1_367' title='bbox 1721 1606 1775 1637; x_wconf 86' lang='grc'><strong>16.</strong></span> 
     </span>
     <span class='ocr_line' id='line_1_61' title="bbox 1032 1651 1670 1695; baseline -0.003 -9"><span class='ocrx_word' id='word_1_368' title='bbox 1032 1652 1093 1695; x_wconf 87' lang='lat'>111,</span> <span class='ocrx_word' id='word_1_369' title='bbox 1120 1656 1174 1687; x_wconf 82' lang='lat'>66.</span> <span class='ocrx_word' id='word_1_370' title='bbox 1203 1656 1258 1687; x_wconf 84' lang='lat'>84.</span> <span class='ocrx_word' id='word_1_371' title='bbox 1286 1652 1348 1694; x_wconf 85' lang='lat' dir='ltr'>IV,</span> <span class='ocrx_word' id='word_1_372' title='bbox 1375 1654 1430 1687; x_wconf 88' lang='lat'>85.</span> <span class='ocrx_word' id='word_1_373' title='bbox 1458 1651 1502 1695; x_wconf 89' lang='lat' dir='ltr'>V,</span> <span class='ocrx_word' id='word_1_374' title='bbox 1529 1654 1550 1685; x_wconf 88' lang='lat'>4</span> <span class='ocrx_word' id='word_1_375' title='bbox 1575 1663 1609 1685; x_wconf 91' lang='lat' dir='ltr'>u.</span> <span class='ocrx_word' id='word_1_376' title='bbox 1639 1654 1670 1685; x_wconf 80' lang='grc' dir='ltr'><strong>ὃ.</strong></span> 
     </span>
    </p>

    <p class='ocr_par' dir='ltr' id='par_1_21' title="bbox 1033 1697 1776 1790">
     <span class='ocr_line' id='line_1_62' title="bbox 1082 1697 1776 1744; baseline -0.004 -10"><span class='ocrx_word' id='word_1_377' title='bbox 1082 1703 1135 1734; x_wconf 89' lang='grc'>12.</span> <span class='ocrx_word' id='word_1_378' title='bbox 1169 1700 1369 1734; x_wconf 80' lang='lat' dir='ltr'>velamenta</span> <span class='ocrx_word' id='word_1_379' title='bbox 1399 1702 1431 1733; x_wconf 78' lang='lat' dir='ltr'>et</span> <span class='ocrx_word' id='word_1_380' title='bbox 1462 1698 1620 1744; x_wconf 79' lang='lat' dir='ltr'>infulas]</span> <span class='ocrx_word' id='word_1_381' title='bbox 1653 1697 1723 1732; x_wconf 85' lang='lat' dir='ltr'>wie</span> <span class='ocrx_word' id='word_1_382' title='bbox 1749 1697 1776 1742; x_wconf 94' lang='lat' dir='ltr'>I,</span> 
     </span>
     <span class='ocr_line' id='line_1_63' title="bbox 1033 1746 1502 1790; baseline -0.002 -9"><span class='ocrx_word' id='word_1_383' title='bbox 1033 1750 1088 1790; x_wconf 78' lang='lat'>66,</span> <span class='ocrx_word' id='word_1_384' title='bbox 1116 1751 1156 1789; x_wconf 80' lang='lat'>33</span> <span class='ocrx_word' id='word_1_385' title='bbox 1184 1759 1210 1781; x_wconf 87' lang='lat' dir='ltr'>s.</span> <span class='ocrx_word' id='word_1_386' title='bbox 1239 1758 1283 1780; x_wconf 88' lang='lat' dir='ltr'>zu</span> <span class='ocrx_word' id='word_1_387' title='bbox 1309 1746 1336 1789; x_wconf 90' lang='grc' dir='ltr'>Ι,</span> <span class='ocrx_word' id='word_1_388' title='bbox 1364 1750 1419 1789; x_wconf 86' lang='grc'>63,</span> <span class='ocrx_word' id='word_1_389' title='bbox 1449 1749 1502 1780; x_wconf 94' lang='grc'>10.</span> 
     </span>
    </p>

    <p class='ocr_par' dir='ltr' id='par_1_22' title="bbox 1031 1791 1778 1884">
     <span class='ocr_line' id='line_1_64' title="bbox 1072 1791 1776 1839; baseline -0.004 -11"><span class='ocrx_word' id='word_1_390' title='bbox 1072 1805 1144 1838; x_wconf 71' lang='lat' dir='ltr'>pro</span> <span class='ocrx_word' id='word_1_391' title='bbox 1170 1794 1300 1839; x_wconf 83' lang='lat' dir='ltr'>muris]</span> <span class='ocrx_word' id='word_1_392' title='bbox 1336 1793 1424 1828; x_wconf 81' lang='lat' dir='ltr'>‘von</span> <span class='ocrx_word' id='word_1_393' title='bbox 1449 1813 1493 1818; x_wconf 90' lang='lat'>—</span> <span class='ocrx_word' id='word_1_394' title='bbox 1520 1792 1653 1836; x_wconf 83' lang='lat' dir='ltr'>herab,</span> <span class='ocrx_word' id='word_1_395' title='bbox 1679 1791 1776 1826; x_wconf 88' lang='lat' dir='ltr'>oben</span> 
     </span>
     <span class='ocr_line' id='line_1_65' title="bbox 1031 1838 1778 1884; baseline -0.001 -9"><span class='ocrx_word' id='word_1_396' title='bbox 1031 1841 1128 1884; x_wconf 84' lang='lat' dir='ltr'>auf&#39;,</span> <span class='ocrx_word' id='word_1_397' title='bbox 1156 1841 1224 1875; x_wconf 88' lang='lat' dir='ltr'>wie</span> <span class='ocrx_word' id='word_1_398' title='bbox 1250 1841 1293 1875; x_wconf 91' lang='lat' dir='ltr'>A.</span> <span class='ocrx_word' id='word_1_399' title='bbox 1320 1840 1370 1884; x_wconf 93' lang='lat' dir='ltr'>II,</span> <span class='ocrx_word' id='word_1_400' title='bbox 1397 1844 1458 1883; x_wconf 77' lang='lat'>813</span> <span class='ocrx_word' id='word_1_401' title='bbox 1485 1851 1511 1874; x_wconf 90' lang='lat' dir='ltr'>s.</span> <span class='ocrx_word' id='word_1_402' title='bbox 1538 1851 1582 1874; x_wconf 89' lang='lat' dir='ltr'>zu</span> <span class='ocrx_word' id='word_1_403' title='bbox 1607 1838 1634 1883; x_wconf 92' lang='grc' dir='ltr'>Ι,</span> <span class='ocrx_word' id='word_1_404' title='bbox 1662 1842 1718 1880; x_wconf 90' lang='grc'>29,</span> <span class='ocrx_word' id='word_1_405' title='bbox 1744 1841 1778 1874; x_wconf 87' lang='grc'>8.</span> 
     </span>
    </p>

    <p class='ocr_par' dir='ltr' id='par_1_23' title="bbox 1033 1885 1775 1971">
     <span class='ocr_line' id='line_1_66' title="bbox 1081 1885 1775 1923; baseline -0.006 0"><span class='ocrx_word' id='word_1_406' title='bbox 1081 1892 1135 1923; x_wconf 92' lang='grc'>13.</span> <span class='ocrx_word' id='word_1_407' title='bbox 1175 1889 1335 1923; x_wconf 83' lang='lat' dir='ltr'>inhibere</span> <span class='ocrx_word' id='word_1_408' title='bbox 1366 1889 1436 1923; x_wconf 83' lang='lat' dir='ltr'>tela</span> <span class='ocrx_word' id='word_1_409' title='bbox 1470 1887 1551 1922; x_wconf 78' lang='lat' dir='ltr'>‘das</span> <span class='ocrx_word' id='word_1_410' title='bbox 1585 1885 1775 1921; x_wconf 84' lang='lat' dir='ltr'>Schiel&#39;sen</span> 
     </span>
     <span class='ocr_line' id='line_1_67' title="bbox 1033 1935 1255 1971; baseline -0.005 -1"><span class='ocrx_word' id='word_1_411' title='bbox 1033 1935 1255 1971; x_wconf 70' lang='lat' dir='ltr'>einstellen’.</span> 
     </span>
    </p>

    <p class='ocr_par' dir='ltr' id='par_1_24' title="bbox 1032 1980 1772 2065">
     <span class='ocr_line' id='line_1_68' title="bbox 1080 1980 1772 2027; baseline -0.004 -10"><span class='ocrx_word' id='word_1_412' title='bbox 1080 1986 1133 2017; x_wconf 84' lang='lat'>15.</span> <span class='ocrx_word' id='word_1_413' title='bbox 1154 1983 1386 2017; x_wconf 73' lang='lat' dir='ltr'>intentabant</span> <span class='ocrx_word' id='word_1_414' title='bbox 1404 1982 1513 2027; x_wconf 80' lang='lat' dir='ltr'>ictus]</span> <span class='ocrx_word' id='word_1_415' title='bbox 1533 1981 1601 2015; x_wconf 85' lang='lat' dir='ltr'>‘sie</span> <span class='ocrx_word' id='word_1_416' title='bbox 1614 1980 1772 2015; x_wconf 75' lang='lat' dir='ltr'>drohten</span> 
     </span>
     <span class='ocr_line' id='line_1_69' title="bbox 1032 2030 1293 2065; baseline 0 -1"><span class='ocrx_word' id='word_1_417' title='bbox 1032 2030 1293 2065; x_wconf 73' lang='lat' dir='ltr'>zuzustossen’.</span> 
     </span>
    </p>

    <p class='ocr_par' dir='ltr' id='par_1_25' title="bbox 1081 2077 1562 2122">
     <span class='ocr_line' id='line_1_70' title="bbox 1081 2077 1562 2122; baseline -0.006 -10"><span class='ocrx_word' id='word_1_418' title='bbox 1081 2082 1133 2113; x_wconf 88' lang='grc'>16.</span> <span class='ocrx_word' id='word_1_419' title='bbox 1160 2077 1215 2122; x_wconf 82' lang='lat' dir='ltr'>ut]</span> <span class='ocrx_word' id='word_1_420' title='bbox 1244 2089 1270 2111; x_wconf 88' lang='lat' dir='ltr'>s.</span> <span class='ocrx_word' id='word_1_421' title='bbox 1297 2089 1340 2111; x_wconf 92' lang='lat' dir='ltr'>zu</span> <span class='ocrx_word' id='word_1_422' title='bbox 1367 2088 1396 2110; x_wconf 92' lang='lat' dir='ltr'>c.</span> <span class='ocrx_word' id='word_1_423' title='bbox 1426 2079 1480 2118; x_wconf 92' lang='lat'>10,</span> <span class='ocrx_word' id='word_1_424' title='bbox 1509 2078 1562 2110; x_wconf 89' lang='lat'>15.</span> 
     </span>
    </p>

    <p class='ocr_par' dir='ltr' id='par_1_26' title="bbox 1031 2121 1775 2215">
     <span class='ocr_line' id='line_1_71' title="bbox 1081 2121 1775 2170; baseline -0.006 -11"><span class='ocrx_word' id='word_1_425' title='bbox 1081 2129 1133 2159; x_wconf 81' lang='lat'>17.</span> <span class='ocrx_word' id='word_1_426' title='bbox 1173 2125 1309 2167; x_wconf 82' lang='lat' dir='ltr'>ferocia</span> <span class='ocrx_word' id='word_1_427' title='bbox 1346 2123 1426 2158; x_wconf 86' lang='lat' dir='ltr'>hier</span> <span class='ocrx_word' id='word_1_428' title='bbox 1460 2121 1658 2170; x_wconf 60' lang='lat' dir='ltr'>‘trotziger</span> <span class='ocrx_word' id='word_1_429' title='bbox 1682 2121 1775 2165; x_wconf 71' lang='lat' dir='ltr'>Mut,</span> 
     </span>
     <span class='ocr_line' id='line_1_72' title="bbox 1031 2168 1775 2215; baseline -0.004 -9"><span class='ocrx_word' id='word_1_430' title='bbox 1031 2171 1208 2215; x_wconf 71' lang='lat' dir='ltr'>trotziges</span> <span class='ocrx_word' id='word_1_431' title='bbox 1235 2170 1460 2214; x_wconf 80' lang='lat' dir='ltr'>Gebahren&#39;3</span> <span class='ocrx_word' id='word_1_432' title='bbox 1488 2181 1514 2204; x_wconf 85' lang='lat' dir='ltr'>s.</span> <span class='ocrx_word' id='word_1_433' title='bbox 1537 2182 1580 2204; x_wconf 87' lang='lat' dir='ltr'>zu</span> <span class='ocrx_word' id='word_1_434' title='bbox 1600 2168 1644 2212; x_wconf 93' lang='lat' dir='ltr'>II,</span> <span class='ocrx_word' id='word_1_435' title='bbox 1665 2173 1721 2213; x_wconf 80' lang='lat'>66,</span> <span class='ocrx_word' id='word_1_436' title='bbox 1742 2172 1775 2203; x_wconf 92' lang='grc'><strong>3.</strong></span> 
     </span>
    </p>

    <p class='ocr_par' dir='ltr' id='par_1_27' title="bbox 1033 2216 1774 2309">
     <span class='ocr_line' id='line_1_73' title="bbox 1078 2216 1774 2261; baseline -0.004 -8"><span class='ocrx_word' id='word_1_437' title='bbox 1078 2220 1199 2253; x_wconf 84' lang='lat' dir='ltr'>subire</span> <span class='ocrx_word' id='word_1_438' title='bbox 1216 2216 1462 2261; x_wconf 79' lang='lat' dir='ltr'>‘anwandein,</span> <span class='ocrx_word' id='word_1_439' title='bbox 1477 2216 1774 2259; x_wconf 77' lang='lat' dir='ltr'>iiberkommen’3</span> 
     </span>
     <span class='ocr_line' id='line_1_74' title="bbox 1033 2266 1366 2309; baseline -0.003 -8"><span class='ocrx_word' id='word_1_440' title='bbox 1033 2278 1059 2301; x_wconf 86' lang='lat' dir='ltr'>s.</span> <span class='ocrx_word' id='word_1_441' title='bbox 1087 2277 1130 2299; x_wconf 87' lang='lat' dir='ltr'>zu</span> <span class='ocrx_word' id='word_1_442' title='bbox 1157 2266 1200 2309; x_wconf 92' lang='grc' dir='ltr'>ΙΙ,</span> <span class='ocrx_word' id='word_1_443' title='bbox 1230 2269 1284 2308; x_wconf 83' lang='grc'>70,</span> <span class='ocrx_word' id='word_1_444' title='bbox 1313 2269 1366 2300; x_wconf 89' lang='grc'><strong>16.</strong></span> 
     </span>
    </p>

    <p class='ocr_par' dir='ltr' id='par_1_28' title="bbox 1032 2310 1777 2500">
     <span class='ocr_line' id='line_1_75' title="bbox 1083 2310 1776 2356; baseline -0.001 -10"><span class='ocrx_word' id='word_1_445' title='bbox 1083 2316 1134 2349; x_wconf 88' lang='grc'><strong>18.</strong></span> <span class='ocrx_word' id='word_1_446' title='bbox 1180 2313 1353 2348; x_wconf 79' lang='lat' dir='ltr'>victoriae</span> <span class='ocrx_word' id='word_1_447' title='bbox 1394 2310 1675 2356; x_wconf 77' lang='lat' dir='ltr'>temperassent]</span> <span class='ocrx_word' id='word_1_448' title='bbox 1705 2310 1776 2345; x_wconf 86' lang='lat' dir='ltr'>wie</span> 
     </span>
     <span class='ocr_line' id='line_1_76' title="bbox 1035 2360 1776 2402; baseline -0.003 -8"><span class='ocrx_word' id='word_1_449' title='bbox 1035 2360 1123 2395; x_wconf 83' lang='lat' dir='ltr'>Sall.</span> <span class='ocrx_word' id='word_1_450' title='bbox 1153 2360 1230 2396; x_wconf 70' lang='lat' dir='ltr'>Cat.</span> <span class='ocrx_word' id='word_1_451' title='bbox 1262 2364 1321 2402; x_wconf 93' lang='lat'>11,</span> <span class='ocrx_word' id='word_1_452' title='bbox 1349 2364 1367 2395; x_wconf 83' lang='lat'><strong>7</strong></span> <span class='ocrx_word' id='word_1_453' title='bbox 1400 2360 1573 2395; x_wconf 81' lang='lat' dir='ltr'>victoriae</span> <span class='ocrx_word' id='word_1_454' title='bbox 1603 2362 1776 2402; x_wconf 75' lang='lat' dir='ltr'>tempera-</span> 
     </span>
     <span class='ocr_line' id='line_1_77' title="bbox 1032 2404 1777 2451; baseline -0.004 -9"><span class='ocrx_word' id='word_1_455' title='bbox 1032 2412 1127 2450; x_wconf 77' lang='lat' dir='ltr'>rent3</span> <span class='ocrx_word' id='word_1_456' title='bbox 1162 2421 1187 2442; x_wconf 79' lang='lat' dir='ltr'>s.</span> <span class='ocrx_word' id='word_1_457' title='bbox 1220 2420 1263 2442; x_wconf 85' lang='lat' dir='ltr'>zu</span> <span class='ocrx_word' id='word_1_458' title='bbox 1297 2407 1345 2451; x_wconf 94' lang='lat' dir='ltr'>II,</span> <span class='ocrx_word' id='word_1_459' title='bbox 1378 2411 1441 2451; x_wconf 82' lang='lat'>47,</span> <span class='ocrx_word' id='word_1_460' title='bbox 1474 2410 1504 2442; x_wconf 84' lang='lat'>5.</span> <span class='ocrx_word' id='word_1_461' title='bbox 1557 2405 1628 2439; x_wconf 89' lang='lat' dir='ltr'>Zur</span> <span class='ocrx_word' id='word_1_462' title='bbox 1659 2404 1777 2439; x_wconf 85' lang='lat' dir='ltr'>Sache</span> 
     </span>
     <span class='ocr_line' id='line_1_78' title="bbox 1034 2455 1260 2500; baseline 0.004 -11"><span class='ocrx_word' id='word_1_463' title='bbox 1034 2455 1106 2500; x_wconf 87' lang='lat' dir='ltr'>vgl.</span> <span class='ocrx_word' id='word_1_464' title='bbox 1134 2455 1177 2498; x_wconf 83' lang='grc' dir='ltr'>ΙΙ,</span> <span class='ocrx_word' id='word_1_465' title='bbox 1204 2458 1260 2490; x_wconf 85' lang='grc'>45.</span> 
     </span>
    </p>

    <p class='ocr_par' dir='ltr' id='par_1_29' title="bbox 1084 2498 1778 2547">
     <span class='ocr_line' id='line_1_79' title="bbox 1084 2498 1778 2547; baseline -0.006 -11"><span class='ocrx_word' id='word_1_466' title='bbox 1084 2506 1135 2537; x_wconf 82' lang='grc'><strong>19.</strong></span> <span class='ocrx_word' id='word_1_467' title='bbox 1148 2502 1289 2547; x_wconf 78' lang='lat' dir='ltr'>consul]</span> <span class='ocrx_word' id='word_1_468' title='bbox 1305 2500 1486 2546; x_wconf 79' lang='lat' dir='ltr'>s.11‚71,7.</span> <span class='ocrx_word' id='word_1_469' title='bbox 1514 2498 1778 2543; x_wconf 82' lang='lat' dir='ltr'>111‚37.1V,31.</span> 
     </span>
    </p>

    <p class='ocr_par' dir='ltr' id='par_1_30' title="bbox 1035 2546 1777 2688">
     <span class='ocr_line' id='line_1_80' title="bbox 1081 2546 1777 2594; baseline -0.004 -11"><span class='ocrx_word' id='word_1_470' title='bbox 1081 2554 1136 2585; x_wconf 89' lang='lat'>20.</span> <span class='ocrx_word' id='word_1_471' title='bbox 1186 2548 1408 2594; x_wconf 76' lang='lat' dir='ltr'>superbiam]</span> <span class='ocrx_word' id='word_1_472' title='bbox 1459 2547 1545 2582; x_wconf 88' lang='lat' dir='ltr'>Sein</span> <span class='ocrx_word' id='word_1_473' title='bbox 1588 2546 1777 2582; x_wconf 70' lang='lat' dir='ltr'>Hochmuh</span> 
     </span>
     <span class='ocr_line' id='line_1_81' title="bbox 1037 2593 1777 2639; baseline -0.005 -8"><span class='ocrx_word' id='word_1_474' title='bbox 1037 2597 1171 2631; x_wconf 76' lang='lat' dir='ltr'>verriet</span> <span class='ocrx_word' id='word_1_475' title='bbox 1233 2597 1311 2631; x_wconf 82' lang='lat' dir='ltr'>sich</span> <span class='ocrx_word' id='word_1_476' title='bbox 1370 2596 1484 2630; x_wconf 89' lang='lat' dir='ltr'>durch</span> <span class='ocrx_word' id='word_1_477' title='bbox 1545 2593 1777 2639; x_wconf 74' lang='lat' dir='ltr'>prachtvolle</span> 
     </span>
     <span class='ocr_line' id='line_1_82' title="bbox 1035 2644 1330 2688; baseline 0.003 -11"><span class='ocrx_word' id='word_1_478' title='bbox 1035 2644 1330 2688; x_wconf 78' lang='lat' dir='ltr'>Amtskleidung.</span> 
     </span>
    </p>

    <p class='ocr_par' dir='ltr' id='par_1_31' title="bbox 1031 2687 1779 2877">
     <span class='ocr_line' id='line_1_83' title="bbox 1078 2687 1777 2736; baseline -0.009 -10"><span class='ocrx_word' id='word_1_479' title='bbox 1078 2691 1283 2736; x_wconf 80' lang='lat' dir='ltr'>saevitiam]</span> <span class='ocrx_word' id='word_1_480' title='bbox 1302 2688 1476 2725; x_wconf 70' lang='lat' dir='ltr'>Gemeint</span> <span class='ocrx_word' id='word_1_481' title='bbox 1489 2687 1540 2722; x_wconf 73' lang='lat' dir='ltr'>ist</span> <span class='ocrx_word' id='word_1_482' title='bbox 1554 2688 1654 2723; x_wconf 84' lang='lat' dir='ltr'>seine</span> <span class='ocrx_word' id='word_1_483' title='bbox 1667 2687 1777 2722; x_wconf 77' lang='lat' dir='ltr'>Harl:-</span> 
     </span>
     <span class='ocr_line' id='line_1_84' title="bbox 1032 2733 1779 2783; baseline -0.005 -11"><span class='ocrx_word' id='word_1_484' title='bbox 1032 2738 1240 2783; x_wconf 71' lang='lat' dir='ltr'>herzigkeit</span> <span class='ocrx_word' id='word_1_485' title='bbox 1282 2737 1357 2772; x_wconf 90' lang='lat' dir='ltr'>und</span> <span class='ocrx_word' id='word_1_486' title='bbox 1401 2733 1779 2781; x_wconf 69' lang='lat' dir='ltr'>Unempfindlichkeit</span> 
     </span>
     <span class='ocr_line' id='line_1_85' title="bbox 1031 2781 1777 2830; baseline -0.005 -10"><span class='ocrx_word' id='word_1_487' title='bbox 1031 2787 1244 2830; x_wconf 72' lang='lat' dir='ltr'>gegentiber</span> <span class='ocrx_word' id='word_1_488' title='bbox 1280 2785 1351 2819; x_wconf 89' lang='lat' dir='ltr'>den</span> <span class='ocrx_word' id='word_1_489' title='bbox 1391 2783 1531 2819; x_wconf 88' lang='lat' dir='ltr'>Leiden</span> <span class='ocrx_word' id='word_1_490' title='bbox 1562 2783 1678 2817; x_wconf 85' lang='lat' dir='ltr'>seines</span> <span class='ocrx_word' id='word_1_491' title='bbox 1715 2781 1777 2816; x_wconf 86' lang='lat' dir='ltr'>be·</span> 
     </span>
     <span class='ocr_line' id='line_1_86' title="bbox 1033 2833 1349 2877; baseline 0 -10"><span class='ocrx_word' id='word_1_492' title='bbox 1033 2833 1176 2877; x_wconf 75' lang='lat' dir='ltr'>siegten</span> <span class='ocrx_word' id='word_1_493' title='bbox 1202 2833 1349 2868; x_wconf 87' lang='lat' dir='ltr'>Heeres.</span> 
     </span>
    </p>

    <p class='ocr_par' dir='ltr' id='par_1_32' title="bbox 1080 2876 1778 2926">
     <span class='ocr_line' id='line_1_87' title="bbox 1080 2876 1778 2926; baseline -0.009 -11"><span class='ocrx_word' id='word_1_494' title='bbox 1080 2880 1185 2926; x_wconf 80' lang='lat' dir='ltr'>adeo]</span> <span class='ocrx_word' id='word_1_495' title='bbox 1212 2881 1274 2925; x_wconf 70' lang='lat' dir='ltr'>ut,</span> <span class='ocrx_word' id='word_1_496' title='bbox 1302 2879 1416 2915; x_wconf 73' lang='lat' dir='ltr'>etiam</span> <span class='ocrx_word' id='word_1_497' title='bbox 1443 2878 1473 2914; x_wconf 85' lang='lat' dir='ltr'>si</span> <span class='ocrx_word' id='word_1_498' title='bbox 1498 2876 1668 2923; x_wconf 73' lang='lat' dir='ltr'>partibus</span> <span class='ocrx_word' id='word_1_499' title='bbox 1693 2885 1778 2920; x_wconf 88' lang='lat' dir='ltr'>pro-</span> 
     </span>
    </p>
   </div>
  </div>
 </body>
</html>
