1859 3182
208 89 295 131 202

737 83 897 120 TACITI
921 82 1260 119 HISTORIARUM

209 199 353 252 epulis,
387 198 549 236 diScreti
587 195 801 247 cubilibus,
842 195 1131 246 proiectissima
1163 194 1209 232 ad
1242 193 1446 233 libidinem
1478 206 1595 246 gens,
1637 192 1771 232 alieni-

209 270 398 311 genarum
450 255 665 295 concubitu
709 254 927 305 abstinent3
971 255 1075 292 Inter
1108 265 1148 291 se
1194 252 1292 291 nihil
1336 252 1542 291 inlicitum.

210 318 342 357 cIdere
375 314 558 367 genitalia
584 315 862 364 instituerunt,
900 318 944 351 ut
983 312 1209 351 diversitate
1243 317 1471 351 noscantur.

1604 253 1771 292 circum-

1531 312 1772 363 transgressi

210 379 249 416 in
293 387 443 415 morem
488 385 624 413 eorum
662 373 766 412 idem
808 377 1002 422 usurpant
1040 383 1112 410 nec
1146 372 1358 422 quicquam
1396 372 1508 421 prius
1551 370 1773 409 inbuuntur

157 444 192 469 10
212 448 327 487 quam
361 439 615 473 contemnere
658 432 770 484 deos,
815 443 959 470 exuere
991 432 1177 483 patriam,
1219 435 1402 481 parentes
1444 429 1590 468 lIberos
1629 429 1773 468 fratres

210 494 298 533 viIIa
332 493 488 532 habere.

551 491 751 543 augendae
784 495 915 529 tamen
947 489 1192 529 multitudini
1225 488 1467 541 consulitur,
1508 501 1597 527 nam
1636 493 1675 527 et
1706 500 1772 527 ne-

210 566 300 593 care
340 563 578 604 quemquam
618 563 664 589 ex
697 551 847 601 agnatis
881 549 989 588 nefas
1027 551 1258 599 animosque
1290 547 1442 599 proelio
1474 553 1542 586 aut
1569 546 1774 598 suppliciis

210 618 506 664 peremptorum
554 615 735 648 aeternos
768 613 926 660 putant:
970 608 1062 647 hinc
1095 607 1310 658 generandi
1355 619 1463 645 amor
1502 611 1539 645 et
1580 606 1777 645 morIendi

211 676 475 722 contemptus,
520 681 686 720 corpora
719 667 882 707 condire
909 679 1025 718 quam
1059 679 1235 706 cremare
1263 679 1283 705 e
1315 678 1425 704 more
1452 665 1642 717 Aegyptio
1670 677 1776 717 cura,

210 785 373 828 wurden,
400 782 614 828 ungesunde
637 781 869 817 Garnisonen
896 781 960 815 auf

212 832 406 867 Sardinien
426 832 465 865 in
485 830 604 864 seiner
623 829 821 864 boshaften
833 828 958 863 Weise

210 879 446 924 angewiesen
483 878 595 921 habe,
635 888 691 911 wo
729 888 769 911 er
800 876 859 910 die
898 887 958 920 ge-

211 926 389 970 hassigen
428 925 558 960 Worte
596 924 808 969 hinzuft’igt:
846 924 879 958 si
916 924 959 958 ob

209 975 425 1020 yravitatem
475 973 566 1007 caeli
615 972 843 1013 interissent,
892 971 961 1006 vile

211 1022 385 1057 damnum
413 1020 470 1063 (A.
501 1018 546 1063 ΙΙ,
574 1021 643 1063 85).

261 1072 290 1103 6.
323 1066 627 1113 proiectissimus]
655 1066 754 1100 ‘sehr
780 1065 960 1110 geneigt’,

211 1117 292 1151 eine
332 1116 472 1150 seltene
512 1113 735 1158 Steigerung
767 1113 830 1147 des
860 1112 960 1147 Part.

212 1164 387 1207 Dmeger,
415 1161 517 1205 Synt.
544 1165 563 1202 ξ
590 1165 621 1196 9.

260 1208 567 1254 alieniyenarnnz]
613 1208 681 1242 wie
725 1207 789 1251 IV,
834 1211 891 1251 65,
929 1211 961 1242 8.

211 1258 254 1292 A.
282 1257 361 1300 XII,
389 1259 443 1291 14.
471 1255 549 1300 XV,
579 1259 608 1290 1.
638 1255 679 1291 G.
706 1258 763 1289 43.

263 1309 293 1340 7.
307 1306 402 1339 inter
417 1304 469 1349 se]
484 1315 565 1337 zum
577 1301 775 1337 Ausdruek
789 1302 889 1337 eines
905 1313 960 1336 re-

212 1352 391 1397 ciproken
430 1350 704 1386 VerhiiItnisses
749 1349 962 1384 ausserhalb

213 1400 278 1434 der
305 1399 448 1444 Sphare
476 1398 539 1433 des
574 1397 749 1442 Subjekts
783 1397 872 1432 oder
898 1396 962 1431 des

214 1446 385 1492 Objekts.
426 1444 501 1490 Vgl
535 1444 608 1480 Cic.
637 1445 682 1479 de
708 1455 747 1480 re
767 1457 803 1490 p.
830 1444 847 1478 Ι
872 1447 890 1486 ξ
917 1447 961 1478 49

212 1495 301 1529 iura
332 1496 422 1528 certe
451 1494 569 1537 paria
594 1493 720 1528 debent
746 1502 816 1527 esse
842 1502 963 1526 eorum

213 1543 309 1576 inter
328 1552 375 1583 se,
401 1541 466 1585 qui
489 1543 576 1575 sunt
601 1540 693 1574 cives
718 1539 760 1573 in
779 1539 900 1573 eadem
925 1548 964 1573 re

211 1589 383 1633 publicet,-
408 1587 487 1622 Liv.
514 1585 687 1630 XXXIX,
714 1589 758 1620 39
785 1589 964 1620 certamen

213 1636 374 1671 tribunis
394 1638 425 1670 et
446 1636 541 1669 inter
559 1645 594 1668 se
614 1635 710 1678 ipsos
730 1636 762 1668 et
781 1644 861 1669 euni
881 1644 963 1668 eon-

213 1684 289 1718 sule
322 1683 405 1726 fuit.
457 1681 567 1716 Sonst
598 1681 699 1716 steht
729 1681 825 1715 inter
853 1681 963 1724 ipsos,

214 1731 284 1765 wie
296 1730 358 1774 IV,
372 1732 426 1772 78,
441 1732 495 1765 12.
522 1729 697 1772 Heraeus,
712 1728 778 1762 lat.
792 1727 961 1772 Schulgr.

216 1781 236 1820 ἓ
265 1781 343 1820 165,
372 1781 427 1811 10.

262 1825 357 1860 nihil
383 1823 582 1869 inlicitum]
635 1821 826 1857 Vorurteil
888 1821 964 1856 und

214 1871 513 1916 Verleumdung3
543 1882 568 1905 s.
582 1870 732 1905 Denter.
748 1873 805 1913 22,
826 1872 869 1903 21
886 1868 964 1913 fgg.

263 1924 295 1955 8.
322 1917 557 1963 transgressi]
585 1918 618 1952 d.
647 1917 670 1952 i.
693 1914 732 1951 οἵ
755 1916 964 1961 μεταστάν-

214 1980 293 2011 τες,
329 1966 388 2001 ein
421 1966 557 2000 hochst
583 1965 742 1999 seltener
769 1962 965 1998 Gebraueh

215 2015 281 2049 des
314 2013 514 2058 Particips;
547 2012 621 2056 vgl.
648 2010 690 2045 A.
718 2011 763 2054 II,
792 2015 835 2046 69
862 2011 967 2046 missi

216 2073 240 2096 a
280 2062 416 2096 Pisone
453 2060 744 2100 incusabantur,·
785 2057 889 2093 Caes.
928 2058 963 2093 b.

217 2120 247 2144 e.
286 2108 314 2151 Ι,
352 2111 394 2142 18
432 2108 533 2142 missi
578 2106 884 2150 intercipiuntur;
929 2105 963 2140 b.

220 2167 251 2191 e.
277 2156 304 2199 Ι,
334 2159 375 2190 18
402 2155 504 2190 missi
530 2166 552 2189 a
580 2154 752 2197 Pompeio
778 2155 962 2188 revertun—

216 2207 291 2246 tur,
317 2213 405 2237 wos.
426 2201 568 2237 Kraner
593 2213 637 2235 zu
661 2201 735 2245 vgl.
758 2199 816 2234 ist.
848 2199 961 2234 Drae-

218 2262 294 2294 ger,
311 2251 414 2294 Synt.
431 2253 449 2291 ξ
467 2254 496 2292 7,
517 2254 547 2283 1.
580 2247 670 2282 Dare
692 2248 751 2282 die
765 2246 962 2281 Pharisaei·

218 2297 349 2342 eifrige
363 2294 733 2341 Proselytenmaeher
749 2304 884 2339 waren,
907 2304 962 2328 er-

218 2345 314 2380 hellt
339 2356 406 2378 aus
432 2343 564 2378 Matth.
592 2346 649 2385 23,
673 2345 726 2376 15.
771 2332 870 2375 Uber
896 2341 962 2375 das

215 2392 388 2436 judische
415 2390 755 2435 Proselytenwesen
779 2400 806 2423 s,
837 2388 962 2423 Holtz—

220 2451 332 2474 mann
359 2450 390 2474 a.
413 2450 444 2472 a.
473 2440 513 2473 Ο.
543 2438 576 2472 S.
605 2440 674 2471 270
699 2436 748 2481 fg.

269 2490 303 2521 9.
334 2485 550 2530 quidquam]
597 2485 686 2517 Zum
725 2482 965 2518 adverbialen

220 2534 307 2568 Ace.
342 2534 406 2567 des
434 2534 539 2566 Pron.
575 2531 673 2566 beim
699 2530 863 2565 Verbum
890 2528 964 2573 vgl.

222 2581 398 2624 Draeger,
426 2579 528 2624 Synt.
556 2583 575 2621 ἓ
601 2582 656 2613 44.

269 2627 492 2672 inbuuntur]
534 2625 603 2661 mit
641 2625 726 2660 dem
764 2624 831 2659 Ins.
871 2624 967 2658 nach

221 2673 405 2718 Analogie
438 2674 501 2708 des
528 2683 755 2718 synonymen
783 2671 969 2714 assuefieri

222 2722 312 2757 oder
331 2723 474 2757 discere.
520 2721 696 2764 Draeger,
718 2719 821 2764 Synt.
843 2722 863 2761 ξ
886 2721 964 2754 145.

273 2773 326 2804 10.
362 2772 581 2804 contemnere
611 2767 708 2813 deos]
736 2767 803 2801 Die
830 2766 965 2801 Homer

222 2816 388 2851 konnten
433 2816 531 2851 wohl
576 2815 712 2850 andere
746 2812 965 2848 heidnische

223 2863 353 2898 Gotter
365 2863 549 2909 ertragen,
558 2863 646 2898 aber
658 2862 716 2896 die
726 2861 966 2904 Veraehtung
984 2876 987 2879 ¹

1034 780 1126 815 aller
1152 779 1283 814 Gotter
1314 778 1434 814 ausser
1459 778 1629 814 Jehovah
1655 778 1780 813 schien

1032 827 1145 862 ihnen
1180 826 1445 871 unertr'aglich.
1501 825 1626 860 Daher
1663 827 1780 860 nennt

1033 874 1125 910 Plin.
1159 887 1191 909 n.
1221 874 1256 909 h.
1289 874 1386 917 XIII,
1423 877 1457 917 4,
1494 876 1540 908 46
1573 873 1632 907 die
1657 873 1778 908 Juden

1033 933 1118 967 =(sens
1149 922 1365 956 contumelia
1389 921 1583 955 numinum
1608 921 1778 965 insi9ni8.

1081 980 1208 1004 eoeuere
1229 968 1501 1012 ‘vei-leuguen’;
1517 978 1543 1003 S.
1560 980 1604 1002 zu
1618 966 1679 1011 III,
1695 971 1732 1011 5,
1747 971 1778 1002 7.

1085 1020 1138 1050 11.
1165 1015 1273 1061 vilia]
1308 1015 1380 1049 Das
1407 1015 1489 1060 Adj.
1517 1014 1569 1049 im
1601 1014 1780 1049 Pradikat

1035 1064 1083 1098 ist
1114 1076 1176 1097 zur
1211 1062 1470 1107 Bezeichnung
1506 1062 1570 1096 des
1601 1061 1783 1096 Vei-‘aeht-

1035 1111 1159 1145 lichen
1192 1111 1246 1145 als
1273 1110 1456 1144 Neutrum
1481 1107 1780 1152 substantiviert‚

1036 1158 1106 1192 wie
1132 1158 1171 1192 in
1197 1158 1262 1192 der
1287 1156 1513 1201 Apposition
1537 1156 1580 1190 A.
1601 1155 1627 1199 Ι,
1649 1160 1693 1191 46
1711 1167 1779 1200 pa-

1036 1209 1107 1240 tres
1132 1208 1165 1239 et
1184 1205 1335 1249 plebem,
1360 1204 1529 1239 invalida
1553 1207 1586 1239 et
1609 1204 1777 1239 inermia.

1038 1253 1072 1287 S.
1100 1264 1143 1286 zu
1164 1252 1208 1286 H.
1233 1251 1294 1295 III,
1316 1255 1370 1295 70,
1393 1255 1448 1286 51.
1475 1250 1648 1296 Draeger,
1677 1249 1778 1295 Synt.

1036 1304 1055 1342 ξ
1082 1303 1138 1343 30,
1165 1311 1197 1334 a.
1662 1335 1674 1341 ‚

1087 1351 1141 1382 12.
1192 1357 1236 1382 ex
1279 1345 1443 1392 aynatis]
1483 1345 1626 1391 Aynati
1656 1343 1716 1380 hic
1743 1345 1782 1380 et

1037 1394 1078 1429 G.
1119 1398 1160 1428 19
1203 1395 1407 1438 (numerum
1443 1393 1638 1429 liberorum
1674 1393 1782 1436 finire

1037 1445 1103 1476 aut
1143 1452 1354 1486 quemquam
1393 1451 1437 1476 ex
1476 1440 1623 1485 agnatis
1653 1450 1782 1476 necare

1036 1489 1220 1534 slayitium
1264 1488 1429 1531 habetur)
1475 1499 1550 1523 non
1588 1498 1631 1522 eo
1671 1498 1780 1522 sensu

1037 1536 1221 1578 dicuntur,
1249 1546 1320 1579 quo
1341 1535 1379 1569 in
1398 1533 1478 1569 iure
1499 1534 1611 1578 civili,
1641 1533 1705 1568 sed
1724 1534 1778 1568 in-

1036 1583 1260 1627 telliguntur
1290 1581 1400 1617 liberi
1435 1592 1545 1627 super
1587 1592 1783 1616 numerum

1037 1631 1136 1676 patri
1168 1629 1394 1665 destinatum
1425 1629 1485 1664 vel
1517 1630 1665 1673 gratum
1691 1628 1783 1672 nati,

1038 1678 1115 1714 sive
1129 1678 1215 1720 post
1230 1678 1497 1712 testamentum
1522 1676 1676 1719 factum,
1703 1675 1781 1711 sive

1038 1737 1082 1760 ex
1126 1725 1286 1760 secundo
1330 1723 1578 1759 matrimonio.
1642 1723 1782 1758 Graece

1040 1769 1214 1817 ἐπίγονος
1234 1772 1418 1817 adgynatus
1436 1771 1474 1805 in
1495 1769 1612 1806 Gloss.
1633 1771 1782 1806 Philox.
1851 1782 1859 1788 ·

1040 1819 1278 1864 Significatur
1302 1829 1383 1853 mos
1408 1818 1597 1853 Romanus
1623 1818 1781 1853 eiusmo-

1039 1866 1077 1901 di
1097 1878 1231 1912 pueros
1251 1865 1386 1911 inipso
1406 1865 1534 1900 matris
1553 1865 1660 1901 utero
1675 1865 1782 1900 abor-

1038 1913 1126 1949 tivis
1149 1913 1319 1948 necandi.
1357 1912 1411 1948 Cf.
1438 1912 1559 1949 Plaut.
1582 1912 1729 1948 Trucul.
1756 1913 1785 1957 I,

1041 1967 1072 2005 1,
1095 1965 1160 1997 102
1188 1961 1258 2005 (ed.
1278 1960 1399 1995 Bothe
1427 1960 1532 2004 1840)
1558 1963 1599 1995 ut
1623 1961 1785 1996 abortio-

1038 2010 1081 2044 ni
1129 2020 1275 2053 operam
1323 2009 1426 2043 daret
1470 2018 1694 2052 puerumque
1738 2010 1780 2043 ut

1039 2060 1210 2091 enecaret.
1236 2056 1313 2091 Iuv.
1334 2054 1397 2098 VI,
1412 2058 1493 2089 595.
1514 2055 1584 2090 Ios.
1599 2066 1629 2090 c.
1647 2053 1783 2100 Apion.

1039 2103 1085 2149 II,
1114 2107 1170 2139 24.
1198 2101 1433 2137 Doederlein.

1090 2154 1143 2186 13.
1158 2150 1357 2195 ⁸uenerandi
1371 2149 1487 2195 amor]
1500 2161 1525 2185 e.
1539 2148 1670 2184 Genes.
1685 2152 1740 2193 15,
1751 2152 1785 2185 2.

1085 2202 1139 2232 14.
1149 2198 1295 2232 condire
1310 2224 1317 2231 .
1329 2225 1335 2231 .
1346 2225 1353 2233 .
1363 2197 1468 2240 eura]
1479 2195 1666 2240 Quidquid
1675 2207 1785 2231 curae

1035 2245 1073 2279 in
1113 2243 1304 2289 sepultura
1336 2254 1532 2288 corporum
1572 2242 1785 2286 adhibetur,

1036 2292 1113 2327 sive
1128 2293 1329 2327 humantur
1351 2292 1428 2326 sive
1447 2291 1669 2334 cremantur,
1688 2290 1784 2325 nihil

1036 2339 1085 2374 ad
1122 2339 1342 2373 Iudaeorum
1373 2338 1419 2373 de
1451 2337 1606 2373 infernis
1631 2348 1782 2383 persua-

1037 2387 1179 2421 sionem
1199 2386 1374 2431 pertinet.
1401 2386 1533 2429 Itaque
1553 2385 1782 2430 transposito

1038 2445 1128 2469 eura
1148 2433 1330 2469 vocabulo
1350 2432 1445 2468 ratio
1466 2434 1505 2467 et
1525 2432 1614 2467 ordo
1635 2434 1784 2467 senten-

1039 2481 1177 2515 tIarum
1223 2481 1460 2523 restituatur,
1505 2490 1656 2515 necesse
1701 2479 1782 2515 erit.

1039 2528 1169 2572 Neque
1196 2529 1310 2563 verba
1332 2526 1516 2562 condendi
1536 2528 1574 2561 et
1593 2526 1785 2562 cremandi

1040 2578 1138 2610 recte
1158 2575 1256 2610 inter
1275 2585 1312 2609 se
1335 2576 1583 2619 opponuntur,
1606 2573 1782 2618 quoniam

1040 2623 1099 2657 vel
1134 2623 1454 2657 eonerematorum
1479 2621 1710 2656 mortuorum
1736 2621 1786 2656 ci-

1040 2681 1146 2704 neres
1180 2670 1218 2704 in
1246 2668 1415 2714 sepulcro
1443 2668 1502 2704 vel
1527 2668 1672 2704 tumulo
1699 2679 1785 2704 eon·

1041 2717 1190 2751 duntur.
1236 2717 1286 2752 Et
1304 2717 1480 2752 condiunt
1499 2716 1674 2761 Aewptii
1693 2725 1785 2751 mor-

1040 2768 1132 2806 tuos,
1158 2765 1199 2799 ut
1224 2764 1278 2799 ait
1298 2762 1370 2799 Cic.
1392 2762 1496 2798 Tusc.
1517 2762 1533 2796 I
1552 2766 1571 2805 ἓ
1593 2766 1671 2798 108.
1731 2762 1784 2798 Cf.

1042 2810 1155 2846 etiam
1178 2812 1219 2846 A.
1241 2810 1336 2854 XVI,
1364 2814 1384 2845 6
1411 2820 1541 2854 corpus
1560 2809 1783 2855 (Poppaeae)

1041 2869 1115 2893 non
1135 2859 1215 2903 tyni
1235 2859 1423 2902 abolitum,
1442 2861 1483 2893 ut
1503 2856 1693 2892 Romanus
1711 2867 1786 2893 mos
