1875 3214
622 104 770 140 LIBER
795 104 839 139 V.
892 103 993 138 CAP.
1022 106 1173 139 23—25.

1610 102 1694 143 227

118 223 209 271 post
241 218 382 258 diebus
416 217 563 257 deditio
595 218 775 256 insecuta
803 222 874 256 est.
920 229 1010 255 nam
1038 215 1202 255 Cerialis
1228 228 1301 267 per
1328 214 1506 254 occultos
1533 216 1695 254 nuntios

107 278 273 325 ‚Batavis
319 290 477 331 pacem,
522 277 634 317 Civili
679 278 832 315 veniam
872 281 1093 328 ostentans,
1144 275 1328 315 Veledam
1367 276 1695 328 propinquosque

116 338 301 378 monebat
333 337 533 377 fortunam
565 337 658 376 belli
690 341 748 375 tot
787 336 966 375 cladibus
1005 336 1208 375 adversam
1242 341 1468 387 opportuno
1502 348 1594 386 erga
1626 348 1693 388 po·
1715 345 1731 370 5

116 399 254 451 pulum
286 398 508 437 Romanum
540 398 682 436 merito
716 401 890 436 mutare:
923 407 1059 435 caesos
1093 395 1306 448 Treveros,
1344 400 1528 447 receptos
1560 395 1694 448 Ubios,

115 463 292 510 ereptam
323 457 480 497 Batavis
507 459 685 509 patriam,
718 469 847 508 neque
881 456 987 496 aliud
1014 456 1149 495 Civilis
1182 456 1353 495 amicitia
1384 461 1544 507 partum
1578 468 1695 507 quam

116 518 280 558 vulnera
312 518 424 569 sugas
457 517 600 556 luctus.
652 516 807 555 exulem
835 529 925 555 eum
960 523 999 555 et
1026 521 1225 555 extorrem
1253 515 1542 566 recipientibus
1571 517 1695 567 oneri,

115 583 155 618 et
187 579 282 617 satis
314 578 560 629 peccavisse,
603 576 708 628 quod
741 578 888 615 totiens
921 576 1103 615 Rhenum
1138 575 1470 615 transcenderint.

1533 577 1565 614 si
1599 576 1693 627 quid

115 638 219 678 ultra
245 637 470 689 moliantur,
503 637 596 676 inde
617 638 803 676 iniuriam
826 643 864 675 et
885 636 1059 689 culpam,
1086 636 1179 675 hinc
1207 635 1398 674 ultionem
1420 641 1459 674 et
1480 635 1575 674 deos
1597 636 1692 674 fore.
1716 646 1748 669 10

233 697 505 736 Miscebantur
545 698 664 736 minis
709 698 928 749 promissa3

980 703 1019 736 et
1060 708 1254 735 concussa
1292 695 1693 735 Transrhenanorum
1707 692 1765 734 25

114 758 191 798 fide
223 759 328 797 inter
360 757 527 796 Batavos
561 769 720 809 quoque
760 769 964 796 sermones
1003 758 1097 796 orti:
1142 769 1222 796 non
1261 756 1551 808 prorogandam
1590 755 1694 794 ultra

114 819 289 870 ruinam,
327 829 401 856 nec
433 829 550 868 posse
590 817 637 856 ab
677 829 754 856 una
788 818 945 856 natione
979 818 1102 856 totius
1148 816 1256 855 orbis
1289 817 1495 855 servitium
1537 815 1692 867 depelli.

116 878 211 930 quid
252 877 477 930 profectum
517 877 637 916 caede
677 882 715 916 et
753 877 949 916 incendiis
982 877 1200 929 legionum,
1240 877 1318 915 nisi
1356 881 1399 915 ut
1431 875 1567 927 plures
1600 875 1692 914 vali-

115 934 328 989 dioresque
362 935 622 976 accirentur‘?
662 938 695 976 si
728 936 967 988 Vespasiano
1008 936 1155 975 bellum
1197 937 1447 987 navaverint,
1489 935 1728 987 Vespasia-5

114 1010 211 1037 num
255 1009 394 1036 rerum
426 998 564 1049 potiri3
611 998 672 1035 sin
707 997 898 1049 populum
931 996 1151 1035 Romanum
1188 997 1309 1035 armis
1336 1001 1494 1048 vocent,
1535 1001 1696 1047 quotam

113 1063 269 1110 partem
300 1058 461 1108 generis
504 1056 668 1095 humani
713 1056 879 1096 Batavos
931 1054 1046 1095 esse?
1097 1058 1347 1108 respicerent
1391 1056 1536 1094 Raetos
1582 1055 1695 1094 Nori-

115 1129 263 1169 cosque
291 1122 330 1155 et
364 1121 592 1155 ceterorum
625 1129 746 1156 onera
773 1118 991 1156 sociorum:
1025 1116 1102 1155 sihi
1128 1129 1206 1155 non
1234 1115 1382 1154 tributa
1411 1116 1479 1154 sed
1507 1117 1694 1155 virtutem

115 1182 155 1216 et
188 1179 292 1215 viros
331 1176 465 1215 indici.

528 1178 755 1227 proximum
794 1177 832 1215 id
872 1176 1064 1228 libertati;
1110 1182 1149 1215 et
1191 1178 1224 1214 si
1262 1176 1512 1214 dominorum
1553 1175 1693 1215 electio

115 1238 183 1290 sit,
228 1236 437 1274 honestius
476 1236 680 1288 principes
719 1236 987 1275 Romanorum
1038 1248 1155 1287 quam
1195 1236 1482 1274 Germanorum
1528 1235 1694 1274 feminas
1716 1244 1748 1268 10

161 1344 193 1376 4.
228 1342 408 1375 ostentare
452 1339 535 1375 ‘vor
561 1340 693 1384 Augen
726 1339 867 1385 hasten,

114 1387 155 1423 in
179 1387 361 1423 Aussioht
388 1387 552 1424 stellen’.

156 1435 406 1482 propinquos]
433 1436 506 1481 vgl.
535 1417 596 1478 IV,
632 1438 677 1470 65
713 1436 868 1470 delectus

113 1495 130 1518 e
177 1484 398 1529 propinquis
452 1482 645 1528 (Veledae)
703 1484 869 1518 consulta

111 1543 129 1566 ν
135 1542 359 1577 esponsaque
375 1534 417 1566 ut
438 1531 689 1566 internuntius
704 1531 870 1566 meinimis

106 1580 296 1624 portabat.

162 1631 196 1664 5.
223 1629 453 1672 opportunus
488 1626 765 1672 ‘rechtzeitig',
798 1626 868 1661 wie

160 1703 192 1758 6.
212 1723 399 1775 mutare]‘
404 1722 486 1757 eine
507 1722 644 1758 andere
666 1722 869 1769 Wendung

112 1771 270 1815 geben’,
300 1781 372 1806 Wle
398 1770 451 1814 ΙΙ,
476 1774 534 1813 23,
563 1774 617 1806 15.
668 1771 770 1806 Uber
797 1771 869 1806 den

112 1818 180 1856 Inf.
211 1831 238 1854 s.
265 1830 309 1854 zu
334 1818 397 1863 IV,
425 1822 482 1862 33,
511 1822 541 1854 7.

163 1877 283 1903 caesos
310 1866 496 1913 Treveros]
525 1877 552 1900 s,
580 1866 642 1909 IV,
672 1869 727 1910 70,
757 1870 811 1901 71.

161 1918 320 1960 receptos
365 1914 399 1949 d.
439 1914 462 1948 i.
502 1915 751 1958 recuperatos,
796 1914 866 1949 wie

112 1962 180 2008 III,
196 1965 242 1997 84
255 1962 298 1998 ni
318 1962 443 1997 statim
456 1962 687 2007 recipiantur
701 1963 812 2005 (cas‘m
816 1963 862 2007 a).

112 2010 226 2055 Sonst
257 2008 352 2046 wird.
383 2010 540 2055 recipere
572 2008 669 2044 anch
702 2020 773 2044 von
800 2009 866 2044 dei

112 2049 353 2094 Ubernahme
387 2057 454 2092 der
486 2057 566 2093 sich
600 2057 864 2092 unterwerfen-

111 2106 184 2142 den
195 2105 335 2141 Volker
348 2105 572 2151 gebraucht3
587 2115 627 2140 so
639 2105 718 2139 Liv.
729 2105 863 2151 XXIII,

114 2158 169 2198 11,
185 2158 205 2189 7
227 2154 269 2189 in
289 2154 509 2199 recipiendis
522 2153 735 2188 civitatibus
748 2153 863 2188 Brut-

110 2203 265 2245 tiorum
291 2213 322 2236 c.
351 2205 405 2246 14,
428 2205 447 2236 5
473 2204 617 2246 recepta
641 2200 769 2246 Capua
778 2215 790 2243 ,·
809 2200 863 2245 II,

111 2253 168 2294 39,
188 2253 221 2284 4.
241 2248 393 2294 XXVII,
416 2253 447 2294 1,
470 2253 499 2283 1.
553 2249 624 2283 Zur
646 2248 766 2284 Sache
787 2249 861 2294 vgl.

110 2297 172 2341 IV,
201 2300 256 2334 79.

159 2349 192 2380 8.
213 2344 339 2390 fuyas]
361 2344 397 2378 d.
411 2343 436 2378 i.
457 2343 580 2388 exilia,
604 2343 864 2390 ‘Wanderung

110 2392 169 2428 ins
181 2391 313 2435 Eleusi,
328 2392 624 2436 Laudesflucht’3
639 2392 710 2427 wie
722 2403 750 2427 c.
762 2396 794 2435 8,
807 2397 861 2427 12.

111 2441 154 2477 A.
174 2440 272 2484 XIV,
293 2443 339 2475 64
358 2440 525 2485 quotiens
543 2440 655 2484 fuyas
681 2444 713 2475 et
739 2441 863 2476 caedes

110 2489 219 2524 iussit
250 2488 426 2533 princeps
440 2501 453 2530 ,·
497 2487 561 2530 ΙΙΙ,
590 2491 636 2522 24
662 2488 862 2522 adulteros-

109 2547 177 2581 que
202 2547 328 2571 earum
353 2539 465 2571 morte
490 2538 557 2570 aut
580 2535 675 2579 fuya
688 2536 859 2579 mammii,-

109 2584 198 2628 Agr.
239 2586 284 2618 45
320 2587 373 2619 tot
408 2583 721 2618 nobilissimarum
758 2583 859 2626 femi-

109 2642 244 2666 narum
276 2631 390 2666 exilia
401 2634 455 2668 „et
485 2631 607 2675 fuya-s.
667 2629 714 2666 So
747 2631 861 2666 sehon

109 2677 173 2714 bei
198 2677 272 2713 Cic.
298 2679 338 2713 in
357 2678 430 2714 Pis,
459 2682 478 2721 ξ
499 2682 543 2713 33
570 2678 660 2713 mihi
690 2679 732 2713 in
758 2682 861 2714 tanto

111 2727 194 2762 odio
227 2726 376 2772 quaevis
405 2726 498 2771 fuya
529 2737 639 2770 quam
673 2727 753 2762 ulla
775 2738 859 2772 pro-

109 2774 235 2810 vincia
259 2777 346 2809 esset
371 2774 542 2817 optatior.

131 2846 136 2847 ν
157 2822 350 2868 extorrem]
382 2821 699 2866 ‘landesfliichtig’

158 2869 278 2915 oneri]
307 2879 355 2905 sc.
383 2880 474 2912 esse3
509 2881 535 2905 s.
557 2881 608 2904 ·zu
634 2868 696 2914 IV,
725 2873 780 2913 14,
804 2874 857 2905 11.

160 2921 191 2953 9.
213 2917 414 2963 pecavisse]
443 2928 492 2952 sc.
519 2927 592 2952 605.

991 1339 1244 1375 transcendere
1275 1349 1361 1374 vom
1395 1338 1694 1384 Flusstibergang

942 1387 1239 1431 nachklassisch,
1265 1387 1335 1421 wie
1361 1386 1403 1421 A.
1431 1386 1492 1430 IV,
1520 1390 1576 1422 44.
1615 1386 1692 1421 Liv.

943 1436 1031 1481 epit.
1050 1439 1135 1478 1053
1150 1446 1236 1470 vom
1248 1433 1459 1470 MeereLiv.
1475 1434 1572 1480 XXI,
1589 1438 1644 1478 44,
1662 1439 1693 1470 7.

993 1488 1046 1519 10.
1074 1484 1174 1529 iride]
1204 1494 1226 1518 a,
1251 1482 1560 1518 Transrhenanis.

990 1532 1091 1578 hinc]
1120 1542 1142 1566 a
1167 1531 1356 1566 Romanis.

992 1579 1055 1616 25.
1094 1583 1126 1614 2.
1165 1579 1267 1614 ultra
1308 1588 1509 1623 proroqare
1550 1578 1694 1614 ‘weiter

942 1627 1170 1671 ausdehnen,
1185 1626 1316 1661 weiter
1330 1626 1529 1662 einreissen
1539 1627 1692 1662 lassen'.

990 1679 1023 1710 4.
1058 1676 1164 1711 caede
1203 1678 1236 1710 et
1275 1675 1457 1710 incendiis
1495 1675 1692 1721 leyionum]

943 1734 971 1758 S.
998 1723 1060 1766 IV,
1089 1726 1133 1758 60
1161 1734 1192 1758 a..
1220 1721 1261 1757 E.

992 1774 1023 1807 5.
1046 1772 1177 1806 bellum
1196 1781 1334 1805 navare
1356 1769 1454 1805 ‘sich
1474 1781 1534 1804 am
1555 1770 1691 1815 Kriege

942 1818 1176 1863 beteiligen’
1219 1818 1253 1852 S.
1281 1830 1325 1852 zu
1344 1817 1406 1861 IV,
1430 1821 1486 1859 59,
1510 1821 1564 1853 10
1604 1818 1692 1853 Man

942 1867 1117 1901 erwarte'c
1132 1865 1335 1910 eigenfflich
1343 1866 1377 1900 si
1382 1876 1451 1910 pro
1467 1865 1691 1910 Vespasiano

940 1924 1086 1959 operam
1112 1914 1153 1948 in
1179 1914 1268 1949 bello
1287 1915 1442 1958 qen-endo
1461 1914 1690 1960 navaverint.

989 1966 1021 1996 6.
1042 1962 1176 2007 potiri]
1211 1973 1238 1996 s.
1265 1973 1309 1995 zu
1335 1960 1397 2005 III,
1425 1964 1481 2005 74,
1508 1965 1541 1996 4.
1592 1961 1692 1996 Uber

940 2009 1000 2044 die
1043 2009 1310 2044 unmittelbare
1343 2009 1587 2055 Verbindung
1625 2010 1690 2045 des

940 2056 1162 2092 Gedankens
1196 2056 1266 2092 mit
1301 2057 1368 2092 del
1398 2056 1629 2103 Hypothesis
1663 2070 1688 2093 s.

938 2104 1078 2150 Berger
1105 2108 1123 2147 ἓ
1152 2108 1207 2140 98.

985 2153 1125 2199 vocem]
1166 2165 1192 2187 s.
1232 2165 1276 2186 zu
1313 2153 1375 2195 IV,
1415 2155 1472 2198 80,
1507 2156 1567 2197 10;
1608 2165 1691 2188 zum

937 2201 1020 2235 Abl.
1066 2202 1179 2236 armis
1217 2199 1292 2245 vgl.
1332 2200 1581 2247 Wendungen
1619 2201 1689 2236 wie

937 2250 1026 2284 bello
1053 2248 1143 2283 oder
1162 2249 1305 2294 proelio
1332 2249 1509 2284 lacessere.

990 2300 1136 2342 quotam
1157 2324 1163 2330 .
1182 2324 1213 2331 ..
1236 2295 1352 2342 esse?]
1381 2295 1452 2330 wie
1479 2297 1574 2331 oben
1601 2298 1690 2342 quid

931 2343 1164 2390 profectum?
1202 2343 1253 2378 ist
1290 2343 1522 2379 rhetorische
1558 2344 1687 2390 Frage.

936 2391 1526 2437 DaherderAcc.c.1nf.(Schultz
1535 2396 1555 2435 ξ
1564 2397 1646 2437 403,
1656 2397 1687 2428 3.

935 2441 1116 2483 Heraeus,
1142 2440 1208 2474 lat.
1237 2439 1405 2484 Schulgr.
1434 2444 1453 2482 ξ
1479 2444 1566 2485 217,
1591 2442 1639 2485 3).

956 2492 1015 2523 .7.
1026 2488 1257 2534 respicerent]
1270 2487 1687 2535 Heraeuslat.Schulg1·

936 2541 954 2579 ξ
982 2540 1061 2579 217,
1090 2539 1122 2570 5.

984 2587 1014 2618 8.
1042 2584 1214 2619 virtutem
1240 2587 1271 2619 et
1300 2584 1399 2619 viros
1424 2584 1560 2630 indici]
1588 2596 1614 2620 s.
1642 2597 1687 2619 zu

934 2631 996 2674 IV,
1021 2635 1077 2674 12,
1099 2634 1138 2674 9,
1159 2631 1276 2667 indzcz'
1298 2648 1342 2660 =
1362 2632 1540 2677 imperari
1564 2631 1687 2667 iibere.

937 2678 1077 2714 ‘wi‘irde
1099 2679 1348 2724 zugemuteb’3
1377 2690 1402 2714 s
1425 2691 1469 2713 zu
1488 2678 1551 2722 III,
1573 2682 1630 2723 58,
1652 2683 1683 2714 9.

983 2731 1014 2761 9.
1042 2726 1179 2772 electio]
1214 2727 1247 2761 d.
1275 2726 1299 2762 i.
1326 2728 1493 2772 potestas
1527 2706 1592 2761 a’ut
1623 2737 1684 2762 ne—

934 2774 1092 2810 cessitas
1119 2773 1295 2820 eligendi.

983 2826 1037 2857 10.
1060 2821 1325 2857 Germanorum
1340 2822 1512 2868 feminas]
1528 2821 1684 2867 Anspie-

933 2870 1025 2915 lung
1045 2869 1112 2905 auf
1134 2869 1194 2905 die
1221 2869 1495 2905 einflussreiche
1512 2869 1683 2916 Stellung

933 2917 999 2952 der
1024 2916 1178 2953 Veleda.

1328 2976 1397 3012 15*
