1859 3182
221 107 303 148 160

748 104 905 140 TACITI
931 104 1155 139 HISTORIA
1162 105 1188 138 R
1196 104 1263 139 UM

218 230 321 256 nunc
356 217 505 268 hostes,
539 217 627 267 quia
662 215 776 254 molle
810 216 1034 267 servitium,
1066 228 1156 254 cum
1189 214 1344 266 spoliati
1377 215 1562 265 exutique
1608 215 1773 267 fuerint,

220 278 365 314 amicos
404 276 498 314 sore.

560 275 655 313 haec
701 275 885 313 ferociter
929 274 1102 326 locutus,
1143 280 1350 325 postquam
1383 278 1560 324 perstare
1600 275 1639 312 in
1684 286 1772 324 per-

219 335 309 373 fidia
348 334 562 373 Classicum
601 333 868 385 Tutoremque
912 333 1033 385 videt,
1078 346 1192 371 verso
1238 334 1378 371 itinere
1411 331 1644 371 Novaesium
1684 344 1773 371 con-

165 402 198 428 15
218 394 338 433 cedit:
384 393 481 431 Galli
520 393 641 432 duum
680 393 831 431 milium
880 394 1004 443 spatio
1053 392 1290 431 distantibus
1342 392 1490 442 campis
1545 391 1769 430 consedere.

219 453 311 491 illuc
344 454 649 492 commeantium
681 453 956 491 centurionum
995 451 1243 502 militumque
1283 449 1513 488 emebantur
1552 451 1687 502 animi,
1730 457 1775 489 ut

221 508 429 565 (flagitium
462 513 704 561 incognitum
736 511 910 550 Romano
943 507 1152 562 exercitui)
1191 511 1231 548 in
1264 516 1424 547 externa
1456 508 1572 547 verba
1598 510 1776 548 iurarent

219 573 441 622 pignusque
463 572 561 609 tanti
582 570 741 609 sceleris
763 582 858 608 nece
881 575 946 608 aut
972 569 1137 608 vinculis
1159 569 1377 619 legatorum
1398 567 1568 606 daretur.
1617 567 1774 620 Vocula,

220 642 454 681 quamquam
487 629 664 681 plerique
698 630 828 680 sugam
860 628 1092 681 suadebant,
1125 627 1348 666 audendum
1381 631 1489 665 ratus
1522 631 1655 666 vocata
1688 639 1777 665 con-

166 698 200 723 20
218 691 324 728 tione
357 691 397 727 in
429 689 534 727 hunc
567 689 725 727 modum
758 688 954 726 disseruit.

147 733 206 788 '58

340 745 576 799 ‘Numquam
615 748 716 798 apud
756 759 823 786 vos
863 746 980 785 verba
1018 747 1093 785 feci
1131 750 1198 784 aut
1229 757 1300 796 pro
1333 744 1442 783 vobis
1475 744 1679 783 sollicitior
1711 750 1778 783 aut

223 820 295 859 pro
340 819 402 846 me
447 809 635 845 securior.

698 819 786 845 nam
828 806 924 845 mihi
967 807 1130 857 exitium
1177 805 1308 855 parari
1351 803 1477 842 libens
1522 803 1640 842 audio
1675 815 1776 841 mor-

223 872 399 918 temque,
432 868 472 904 in
499 871 557 904 tot
581 865 693 904 malis
726 865 930 917 solacium,
957 870 1000 903 ut
1026 865 1143 903 finem
1170 865 1418 902 miseriarum
1444 867 1624 914 expecto:
1657 863 1779 901 vestri

221 937 284 964 me
316 926 438 976 pudet
477 926 734 976 miseretque,
775 925 962 963 adversus
1007 935 1105 975 quos
1144 935 1222 961 non
1261 922 1454 973 proelium
1495 927 1534 960 et
1571 923 1673 960 acies
1713 934 1777 972 pa-

186 990 379 1037 5rantur3
422 984 462 1022 id
496 986 599 1022 enim
644 984 699 1023 fas

744 996 943 1023 armorum
988 988 1026 1021 et
1063 984 1125 1021 ius
1163 982 1336 1020 hostium
1374 987 1453 1021 est:
1497 980 1644 1019 bellum
1689 992 1779 1019 cum

222 1043 366 1095 populo
410 1043 584 1082 Romano
635 1044 776 1082 vestris
827 1055 868 1082 se
919 1041 1100 1081 manibus
1151 1046 1355 1092 gesturum
1400 1040 1595 1080 Classicus
1646 1045 1779 1091 sperat

222 1104 512 1154 imperiumque
557 1108 596 1141 et
640 1108 929 1141 sacramentum
973 1100 1184 1140 Galliarum
1229 1105 1410 1139 ostentat.

227 1228 352 1263 harter
363 1227 541 1273 Abgaben
556 1227 698 1271 nieder;
715 1227 834 1262 Galba
847 1227 965 1272 zeiglze

228 1275 305 1310 sich
326 1275 460 1310 milder
480 1287 601 1321 gegen
615 1275 667 1309 sie
682 1296 725 1300 —
739 1274 886 1309 freilich
900 1286 964 1309 aus

221 1322 440 1367 politischer
477 1321 734 1358 Dankbarkeit
777 1323 853 1356 und
898 1322 964 1356 Be-

221 1371 410 1415 rechnung
433 1391 486 1414 -,
512 1371 588 1405 und
609 1381 691 1404 zum
712 1369 837 1404 Lohne
859 1369 966 1404 daffir

221 1418 330 1453 fielen
358 1418 409 1452 sie
435 1417 524 1452 bald
551 1417 685 1452 darauf
716 1429 785 1452 von
813 1416 892 1450 ihm
918 1416 964 1450 ab

223 1465 299 1499 und
329 1467 451 1500 'craten
478 1466 544 1499 auf
573 1466 635 1499 des
661 1464 837 1499 Vitellius
866 1464 965 1498 Seite

225 1512 266 1555 (I,
293 1516 363 1556 57).
414 1512 531 1547 Tutor
557 1513 704 1556 gesteht
731 1512 845 1546 selbst
871 1522 898 1546 c.
922 1514 964 1545 ’75

224 1570 335 1603 neque
364 1560 533 1594 Treveros
558 1563 622 1594 aut
648 1559 839 1604 Linyonas
865 1559 965 1592 bene-

223 1607 381 1641 volentia
401 1607 588 1641 contineri.
613 1606 764 1649 Volker,
785 1606 849 1640 der
869 1605 965 1640 Frei-

224 1654 455 1698 heitskampf
470 1654 534 1688 der
553 1653 714 1687 Bataver
734 1653 777 1687 H.
793 1657 813 1687 2
836 1652 869 1686 S.
887 1656 965 1689 101.

275 1705 327 1735 12.
349 1701 452 1746 quia]
482 1713 530 1736 sc.
558 1702 614 1735 sit.
655 1701 689 1735 S.
717 1712 759 1734 zu
786 1701 811 1743 I,
838 1703 894 1744 21,
924 1704 966 1734 10

225 1749 298 1782 und
324 1752 386 1791 85,
416 1752 467 1782 13.
912 1787 920 1792 ⁹

276 1799 328 1830 13.
361 1796 527 1839 ferociter
560 1794 793 1829 ‘herzhaften
829 1793 970 1838 Sinues,

225 1842 296 1877 mit
346 1842 513 1877 starkem
559 1841 842 1887 Selbstgeffihl’;
894 1842 969 1886 vgl.

226 1902 255 1925 c.
290 1894 330 1925 71
364 1891 501 1934 ferocia
526 1891 714 1925 verborum
740 1890 888 1924 militem
913 1891 970 1923 in-

225 1938 411 1980 cendebat,
440 1938 480 1972 A.
510 1937 594 1981 XV,
632 1941 652 1972 5
679 1937 775 1972 adiit
800 1948 913 1982 reyem
940 1940 972 1971 et

224 1986 401 2020 mandata
426 1986 590 2027 ferociter
615 1985 737 2019 edidit.

266 2036 459 2077 postquam
514 2060 520 2066 .
549 2060 555 2067 .
584 2060 591 2066 .
635 2032 745 2077 videt]
793 2031 971 2067 Dasselbe

224 2078 325 2114 Priis.
348 2080 447 2114 steht
467 2079 508 2115 A.
524 2079 551 2122 Ι,
565 2083 621 2114 48.
643 2078 738 2123 XIV,
755 2082 815 2121 6ος
838 2079 971 2114 ebenso

226 2125 287 2161 bei
313 2127 377 2161 ubi
402 2128 446 2162 H.
474 2127 518 2170 II,
541 2130 573 2170 4,
590 2131 619 2162 6.
648 2126 709 2168 IV,
727 2130 780 2169 14,
800 2130 851 2162 10.
867 2131 923 2170 32,
940 2130 970 2162 7.

227 2174 261 2208 S.
289 2173 465 2219 Draeger,
492 2174 594 2218 Synt.
623 2177 641 2216 ἕ
665 2177 750 2217 166,
778 2184 807 2208 ο.

276 2225 329 2256 14.
362 2221 429 2256 Bei
460 2222 680 2256 Novaesium
718 2220 855 2255 befand
895 2221 971 2255 sich

227 2269 291 2303 das
325 2268 549 2313 Standlager
574 2269 639 2302 der
668 2273 719 2303 16.
748 2268 908 2313 Legion3
944 2281 969 2303 s.

229 2328 273 2350 zu
300 2320 493 2359 ο.26,10.

279 2367 331 2398 15.
358 2364 580 2398 distantibus
604 2362 755 2407 campas]
782 2361 851 2396 wie
875 2372 903 2396 c.
927 2364 970 2395 75

228 2412 307 2455 quis
357 2414 480 2445 temere
529 2414 637 2445 antea
680 2410 812 2444 intutis
855 2419 970 2443 conse-

228 2459 340 2493 derat.
392 2452 491 2492 Ubel
512 2458 581 2492 den
603 2457 683 2492 Abl.
705 2456 779 2491 loci
803 2455 863 2491 bei
884 2456 969 2491 Tac

229 2506 301 2549 vgl.
331 2505 503 2549 Draeger,
532 2505 632 2549 Syme
661 2508 680 2546 ξ
698 2508 762 2540 ..57

279 2556 331 2587 17.
365 2552 530 2586 Romano
556 2552 746 2597 exercitui]
785 2551 877 2586 sbatt
908 2551 973 2585 der

232 2599 361 2634 Lesart
381 2600 444 2633 des
464 2598 559 2634 Med.
576 2600 765 2633 Romanus
785 2599 970 2633 exercitus.

234 2647 307 2681 Der
333 2647 414 2681 Dat.
444 2646 545 2680 steht
573 2647 638 2681 wie
666 2658 695 2681 c.
717 2650 761 2681 26
787 2646 974 2691 incoynita

230 2695 287 2729 illi
312 2695 408 2729 caelo
434 2695 610 2736 siccitate3
648 2695 687 2728 A.
716 2695 749 2737 Ι,
777 2697 821 2728 56
847 2704 974 2727 varum

229 2743 286 2776 illi
312 2742 416 2777 eaelo
468 2733 565 2776 Ubtr
591 2722 650 2775 (lie
686 2741 872 2776 nominale
898 2739 971 2785 Ap-

229 2787 419 2833 position
410 2801 460 2823 lm
482 2789 614 2823 Nomin
620 2788 695 2823 -1tiv
711 2802 735 2822 s.
752 2788 832 2822 zuI.
850 2791 973 2831 62,11.

230 2883 240 2916 l
277 2837 354 2917 isat
367 2840 513 2871 meo-na
558 2836 680 2881 verba]
739 2836 838 2870 ‘dem
883 2833 973 2869 Aus-

246 2896 291 2918 all
322 2898 339 2918 U
363 2911 368 2917 .

1473 1099 1568 1138 adeo
1613 1110 1684 1137 nos
1692 1130 1702 1149 ,
1747 1099 1780 1136 si

1089 1229 1142 1260 19.
1170 1225 1349 1271 contione]
1379 1224 1569 1270 legionum
1594 1225 1620 1260 I.
1647 1223 1744 1258 XV1.

1086 1290 1150 1326 58.
1177 1294 1208 1324 2.
1233 1301 1301 1334 pro
1327 1290 1392 1335 me]
1420 1290 1513 1324 statt
1537 1289 1580 1324 de
1604 1300 1656 1323 me
1682 1288 1781 1324 wohl

1038 1349 1168 1418 Rvegen
1182 1337 1244 1391 des
1260 1336 1508 1419 Gegenisatzes
1523 1347 1566 1419 ΞΠ
1583 1336 1782 1417 ρνὲὐοίιεὲ

1075 1398 1114 1420 us
1160 1396 1280 1420 emem
1324 1395 1371 1419 an
1399 1395 1485 1419 eren
1556 1395 1624 1418 run
1652 1394 1670 1418 e
1743 1394 1764 1417 a

1040 1433 1128 1467 Tac.
1161 1434 1246 1477 Agr.
1282 1437 1322 1466 26
1348 1442 1420 1477 pro
1451 1441 1698 1476 vorgezogen:
1730 1441 1781 1465 se-

1039 1481 1120 1514 curi
1138 1490 1210 1524 pro
1234 1480 1350 1513 salute
1374 1480 1417 1514 de
1440 1479 1560 1523 ⁸(floria
1585 1478 1781 1512 certabant.

1039 1525 1144 1561 Auch
1172 1526 1254 1561 Seu.
1284 1527 1328 1561 de
1356 1528 1470 1560 const.
1492 1537 1568 1570 sap.
1592 1524 1636 1567 1Ι,
1659 1529 1675 1559 1
1704 1535 1782 1558 ver-

1040 1574 1169 1609 bindet
1187 1585 1334 1608 securus
1352 1573 1422 1608 mit
1441 1583 1521 1617 pro.
1551 1572 1585 1607 S.
1608 1573 1782 1616 Draeger,

1041 1622 1142 1666 Synt.
1170 1624 1189 1663 ἓ
1217 1624 1273 1655 90.

1087 1678 1118 1708 3.
1146 1674 1334 1719 solacium]
1363 1673 1456 1708 stati:
1475 1672 1540 1707 der
1559 1672 1691 1707 Lesart
1717 1671 1780 1707 des

1040 1721 1135 1756 Med.
1167 1722 1339 1764 hostium3
1378 1719 1451 1765 vgl.
1485 1730 1514 1754 c.
1548 1723 1591 1755 85
1624 1720 1784 1763 accipere

1042 1781 1077 1804 se
1114 1769 1288 1804 solacium
1324 1768 1465 1811 morti&
1504 1766 1577 1801 Cic.
1605 1767 1662 1802 ad.
1696 1767 1783 1801 fam.

1042 1816 1105 1861 IV,
1132 1821 1165 1860 4,
1192 1821 1212 1850 4
1245 1816 1340 1860 quod
1365 1819 1442 1850 erat
1472 1825 1586 1849 unum
1610 1815 1785 1849 solacium

1043 1865 1084 1899 in
1122 1864 1245 1906 malz'33
1288 1862 1331 1897 H.
1358 1861 1427 1905 ΙΙΙ,
1460 1866 1502 1896 51
1537 1862 1699 1906 quotiens
1730 1871 1786 1896 res

1044 1913 1209 1955 locusque
1248 1938 1254 1945 .
1282 1938 1289 1945 .
1319 1937 1326 1945 .
1361 1910 1501 1944 solacia
1534 1908 1623 1943 mali
1655 1912 1786 1953 poscet.

1043 1959 1240 1993 Einfacher
1271 1958 1331 1992 bei
1358 1956 1444 1991 Sall.
1472 1956 1549 1991 Cat.
1576 1959 1639 1998 40,
1666 1960 1686 1990 3
1719 1956 1785 1990 mi-

1044 2007 1147 2041 seriis
1189 2005 1266 2040 suis
1308 2004 1503 2039 remedium
1545 2006 1690 2039 mortem
1727 2014 1785 2038 ex-

1043 2057 1211 2098 spectare.
1274 2051 1359 2097 Vgl.
1398 2052 1494 2087 noch
1532 2050 1610 2086 Cat.
1647 2053 1708 2094 51,
1742 2053 1787 2085 20

1043 2102 1085 2136 in
1111 2100 1265 2135 miseriis
1289 2102 1434 2134 mortem
1454 2109 1712 2133 aerumnarum
1730 2108 1786 2132 re—

1044 2149 1162 2193 quiem
1187 2158 1267 2182 esse
1318 2145 1452 2181 Meiser
1471 2146 1656 2181 vermutet
1680 2144 1786 2179 dafiir

1045 2197 1228 2241 optimum.

1092 2252 1133 2283 ut
1169 2249 1276 2292 finem
1312 2246 1555 2292 miseriarum]
1601 2245 1684 2290 Vgl.
1720 2244 1786 2280 Ov.

1045 2296 1138 2330 trist.
1177 2295 1244 2339 ΙΙΙ,
1279 2299 1316 2337 3,
1350 2297 1394 2329 56
1431 2294 1548 2337 finitis
1583 2293 1702 2338 {laude
1738 2295 1789 2327 tot

1046 2344 1135 2378 mihi
1164 2354 1242 2377 ‘mov
1245 2346 1276 2377 te
1306 2342 1423 2376 malis.
1474 2342 1564 2375 Zum
1592 2339 1789 2374 Ausdruck

1045 2391 1119 2435 vgl.
1147 2390 1190 2425 H.
1219 2389 1281 2434 ΙΙΙ,
1308 2393 1352 2424 62
1379 2389 1529 2423 exitium
1561 2387 1723 2423 Valentis
1748 2389 1789 2422 ut

1045 2439 1149 2481 finem
1177 2438 1260 2473 belli
1284 2437 1430 2480 accepit.

1093 2495 1124 2526 4.
1148 2492 1329 2535 proelium
1360 2493 1391 2524 et
1420 2489 1530 2535 acies]
1567 2487 1643 2523 ‘ein
1668 2488 1786 2533 regel—

1046 2540 1192 2573 rechtes
1221 2537 1405 2579 'l'reffen’3
1433 2549 1460 2572 s.
1487 2548 1531 2571 zu
1558 2546 1586 2570 0.
1614 2540 1670 2578 35,
1699 2538 1752 2570 18.

1095 2596 1126 2626 5.
1147 2593 1206 2635 fas
1227 2590 1423 2636 armorum]
1455 2588 1787 2630 ‘Waffenbrauch’,

1047 2639 1279 2673 unlzlassisch
1300 2638 1359 2672 fiir
1378 2638 1437 2672 ius
1456 2637 1547 2680 belli,
1569 2636 1637 2671 wie
1649 2636 1689 2670 A.
1703 2636 1729 2680 Ι,
1742 2639 1786 2670 42

1045 2688 1103 2729 fas
1128 2687 1297 2731 (Jentium.

1096 2743 1126 2775 7.
1159 2741 1423 2773 sacramentum
1449 2736 1674 2782 Galliarum]
1708 2735 1789 2771 ‘der

1047 2785 1259 2821 Fahneneid
1303 2786 1369 2820 auf
1410 2784 1475 2819 das
1519 2783 1666 2818 Banner
1704 2783 1788 2818 Gal-

1048 2834 1168 2868 liens’.
1221 2834 1309 2867 Zum
1348 2833 1436 2867 Gen.
1475 2831 1547 2875 vgl.
1587 2841 1616 2865 c.
1654 2834 1696 2865 37
1734 2841 1787 2866 re-

1047 2885 1186 2925 sumpto
1221 2880 1437 2925 Vespasiani
1461 2881 1694 2913 sacramento.
