1875 3214
589 114 735 149 LIBER
760 114 822 150 IV.
875 114 977 150 CAP.
1004 118 1159 150 39—40.

110 286 343 325 Germanias
378 285 614 326 ducebatur.

1607 116 1689 156 141

47 262 50 263 ⁷
119 226 322 266 familiaris
354 226 470 265 Arrio
503 225 603 265 Varo
635 225 767 278 miles,
800 227 840 264 in
874 226 1031 265 Suriam
1064 227 1247 279 remissa,
1289 239 1381 278 pars
1415 228 1618 266 exercitus
1651 229 1692 267 in

678 287 734 324 sic
768 291 920 338 egesto,
961 286 1153 338 quidquid
1187 286 1410 339 turbidum,
1449 288 1568 326 rediit
1601 287 1693 327 urbi

112 357 185 385 sua
217 345 342 384 forma
374 345 562 398 legesque
595 350 635 384 et
665 346 801 384 munia
834 347 1148 397 magistratuum.

231 404 316 450 Quo
350 405 412 444 die
446 410 628 444 senatum
660 406 866 456 ingressus
898 411 959 444 est
984 405 1253 457 Domitianus,
1286 406 1333 444 de
1362 406 1540 446 absentia
1567 409 1693 459 patris
1707 407 1765 450 40

111 465 327 516 fratrisque
354 477 398 504 ac
430 466 590 504 iuventa
622 476 692 504 sua
725 477 850 516 pauca
877 470 916 503 et
943 465 1096 503 modice
1124 465 1314 504 disseruit
1341 466 1510 505 decorus
1540 467 1691 520 habitu,

111 528 152 563 et
183 525 330 575 ignotis
363 524 491 564 adhuc
524 524 703 579 moribus
746 523 886 563 crebra
919 527 1000 563 oris
1039 525 1220 564 confusio
1259 537 1331 576 pro
1364 526 1558 565 modestia
1591 529 1692 567 acci-

109 582 307 635 piebatur.
357 585 559 623 referente
580 583 748 623 Caesare
769 584 817 622 de
838 584 1097 623 restituendis
1119 584 1263 623 Galbae
1284 585 1505 625 honoribus
1535 588 1692 626 censuit

108 642 271 682 Curtius
303 642 531 697 Montanus,
564 649 609 682 ut
635 644 791 683 Pisonis
825 656 982 695 quoque
1009 645 1199 683 memoria
1227 644 1510 685 celebraretur.
1555 653 1690 698 patres
1711 659 1727 685 5

109 707 324 754 utrumque
357 704 530 743 iussere:
574 703 622 742 de
655 703 799 743 Pisone
838 704 998 742 irritum
1038 704 1122 743 fuit.

1186 710 1271 743 tum
1305 710 1411 743 sorte
1446 705 1573 758 ducti,
1618 719 1691 758 per

108 774 209 813 quos
242 762 508 802 redderentur
539 762 642 802 bello
676 768 787 814 rapta
820 764 969 814 quique
1010 775 1099 802 aera
1138 763 1271 814 legum
1311 771 1507 804 vetustate
1541 765 1690 818 dilapsa

108 827 324 861 noscerent
364 823 612 874 figerentque
646 828 685 862 et
718 823 840 862 fastos
872 822 1097 861 adulatione
1130 829 1356 874 temporum
1389 824 1567 864 foedatos
1601 838 1689 865 exo-

108 887 300 920 nerarent
347 882 589 934 modumque
634 882 806 933 publicis
851 884 1029 933 inpensis
1078 883 1265 922 facerent.

1328 883 1511 923 redditur
1556 884 1688 925 Tettio

103 934 255 979 Iuliano
285 947 488 995 praetura,
522 948 732 994 postquam
760 943 944 994 cognitus
972 948 1032 980 est
1058 942 1104 981 ad
1127 942 1413 994 Vespasianum
1439 945 1684 998 confugisse3
1706 960 1740 986 ιο

151 1058 207 1090 22.
246 1055 288 1090 in
323 1055 491 1102 Suriam]
532 1068 591 1092 wo
628 1056 687 1092 ihr
720 1057 857 1092 Stand—

104 1102 271 1147 quartier
297 1114 390 1148 war;
419 1116 445 1139 s.
473 1117 518 1138 zu
542 1104 570 1148 Ι,
600 1108 654 1148 79,
682 1109 737 1140 23.

149 1151 190 1185 in
237 1149 474 1198 Germanias]
522 1152 588 1187 das
633 1153 783 1188 N'ahere
828 1165 856 1188 S.

103 1208 132 1232 c.
162 1201 217 1232 68.
246 1202 302 1235 70.
532 1230 534 1232 .

147 1248 206 1280 23.
233 1247 386 1293 eyerere]
417 1246 764 1284 ‘hinausschaffen’.

147 1294 329 1339 quidquid
392 1295 597 1341 turbidum]
646 1295 735 1330 ‘alle
771 1295 855 1330 Ele-

100 1342 226 1377 mente
248 1342 313 1377 der
332 1341 514 1377 Unruhe’.
548 1342 648 1378 Uber
673 1342 733 1378 die
759 1343 853 1378 Aus-

99 1387 255 1434 lassung
283 1401 355 1425 von
381 1393 460 1425 erat
486 1401 512 1424 S.
540 1403 584 1425 zu
609 1390 673 1435 III,
700 1395 733 1435 5,
760 1394 793 1426 8.

147 1435 212 1472 40.
240 1441 272 1471 2.
291 1448 416 1481 pauca
442 1441 474 1472 et
493 1439 648 1485 modice]
675 1439 746 1473 wie
771 1439 852 1475 Liv.

97 1482 238 1528 XXIII,
265 1488 312 1519 24
342 1486 501 1521 dictator
526 1487 570 1521 de
593 1497 630 1521 se
657 1498 784 1531 pauca
810 1499 854 1522 ac

99 1531 237 1566 modice
263 1533 413 1568 loeutus.
460 1533 546 1578 Vgl.
570 1534 659 1569 Sall.
680 1534 759 1580 Iug.
783 1539 849 1569 111

96 1577 205 1613 Sulla
252 1590 323 1624 pro
370 1591 407 1616 se
450 1581 604 1616 breviter
646 1585 679 1616 et
715 1584 851 1618 modice

93 1626 278 1663 disseruit.

147 1675 298 1710 decorus
329 1676 474 1722 habitu]
509 1676 594 1711 ‘mit
626 1675 730 1711 edler
757 1677 848 1712 Hal—

100 1721 224 1767 tung'3
248 1723 323 1767 vgl.
345 1722 396 1765 II,
412 1727 456 1758 52
477 1725 601 1759 vultus
613 1725 849 1770 habitusque,-

91 1767 164 1813 IV,
182 1773 212 1814 1,
234 1774 254 1804 5
270 1781 464 1815 procerum
483 1772 615 1807 habitu
634 1776 666 1807 et
686 1773 847 1808 iuventa.

146 1821 179 1851 3.
193 1818 269 1852 oris
294 1819 476 1865 confusio]
505 1819 556 1853 Er
582 1820 710 1855 wurde
730 1819 848 1855 leicht

94 1864 171 1907 τοὺς
197 1865 272 1910 vgl.
299 1865 387 1910 Agr.
414 1870 461 1902 45
486 1878 614 1902 saevus
639 1868 700 1902 ille
725 1869 848 1903 vultus

92 1914 127 1946 et
162 1913 293 1955 rubor,
331 1924 401 1958 quo
437 1925 474 1949 se
508 1918 637 1949 eontra
668 1916 847 1960 pudorem

95 1960 299 2003 muniebam
327 1961 428 1996 Suet.
448 1960 555 1997 Dom.
580 1965 623 1997 18
648 1964 754 1997 vultu
773 1973 846 1998 mo-

94 2006 192 2042 desto
211 2009 426 2054 ruborisque
441 2010 562 2054 pleno.
589 2010 847 2055 Ungiinstiger

91 2054 224 2090 urteilt
281 2056 374 2091 fiber
429 2057 530 2092 seine
588 2057 845 2093 Gesiohtsro'to

89 2101 186 2137 Plin.
224 2113 310 2148 pan.
350 2107 396 2140 48
437 2105 480 2139 in
518 2115 578 2140 ore
615 2106 845 2151 impudentia

92 2150 206 2186 multo
230 2152 362 2187 rubore
385 2153 541 2197 suffusa.

137 2201 170 2232 4.
213 2199 389 2242 referente
434 2199 604 2246 Caesare]
651 2200 844 2236 Domitian

91 2244 150 2279 als
171 2245 413 2291 Stadtpr'ator
431 2247 471 2282 in
491 2247 760 2283 Abwesenheit
779 2249 845 2284 der

91 2290 272 2328 Konsuln.
324 2294 360 2330 S.
386 2307 430 2329 zu
456 2295 519 2340 ΙΙΙ,
546 2298 602 2339 86,
632 2300 686 2331 15.

139 2343 171 2376 5.
194 2341 416 2385 Montanus,
437 2342 606 2387 Senator,
621 2344 726 2378 hatte
748 2343 846 2379 einst

91 2386 209 2422 durch
236 2389 337 2424 seine
360 2388 504 2425 Satiren
530 2390 649 2426 Neros
670 2391 843 2426 Dichter-

91 2435 178 2470 neid
201 2438 334 2482 erregt.
386 2437 469 2472 Von
490 2437 624 2483 Eprius
644 2437 845 2474 Marcellus

90 2481 147 2517 als
179 2483 417 2528 Pasquillant
454 2485 677 2530 angeklagt,
716 2486 843 2521 wurde

91 2540 132 2564 er
163 2530 302 2566 seinem
335 2532 452 2567 Vater
484 2545 529 2567 zu
562 2533 733 2568 Gefallen
770 2545 842 2569 von

89 2577 190 2613 Nero
225 2578 451 2625 begnadigt,
480 2581 618 2626 jedoeh
643 2592 716 2616 von
743 2581 843 2617 allen

91 2624 366 2662 Staatsamtern
413 2628 735 2673 ausgeschlossen.
798 2629 840 2664 A.

90 2670 186 2716 XVI,
213 2677 269 2709 28.
297 2678 353 2709 29.
381 2679 438 2710 33.
471 2675 548 2711 Iuv.
576 2675 638 2719 IV,
668 2680 745 2711 107.

137 2719 193 2765 ut]
222 2733 249 2756 s.
276 2733 320 2756 zu
346 2733 376 2757 c.
404 2727 445 2766 9,
474 2726 506 2758 8.

139 2771 174 2803 6.
197 2772 291 2804 sorte
316 2769 432 2816 ducti]
465 2770 699 2815 ‘ausgelostz

141 2818 161 2849 7
167 2844 174 2851 .
184 2827 272 2851 aera
281 2816 705 2861 ‘Bi-onzetafeln',wieA.
715 2819 777 2863 III,
786 2824 841 2855 63.

140 2863 288 2908 dilapsa
310 2864 515 2908 ‘zerfallem
536 2867 755 2911 verwittert,
777 2868 842 2902 ab-

121 2919 235 2956 ang1g
247 2912 462 2956 geworden’
480 2913 574 2949 statt
586 2914 747 2960 delapsa.
761 2914 787 2961 I,
798 2919 841 2950 68

931 1057 1089 1101 dilapsis
1127 1061 1302 1092 vestutate
1333 1060 1540 1102 moenibus;
1584 1072 1614 1095 e.
1641 1063 1687 1095 86

930 1105 1176 1147 fundamenta
1220 1110 1399 1142 remeante
1441 1108 1592 1151 flumine
1629 1109 1686 1144 di—

931 1153 1056 1197 lapsa,⁴
1088 1152 1166 1188 Liv.
1194 1153 1263 1197 IV,
1290 1157 1336 1188 20
1362 1155 1484 1189 aedem
1511 1159 1687 1191 vetustate

930 1200 1124 1244 dilapsam.
1177 1200 1284 1235 Mehr
1309 1201 1371 1236 bei
1397 1202 1616 1248 Nipperdey
1643 1216 1687 1238 zu

929 1249 972 1282 A.
983 1247 1044 1291 IV,
1054 1252 1110 1283 43.
1139 1248 1220 1283 Von
1237 1249 1338 1283 einer
1351 1249 1606 1296 Ermittelung
1619 1262 1687 1286 vor

930 1294 1039 1330 Alter
1072 1295 1400 1340 herabgefallener
1432 1297 1686 1335 Gesetztafeln

930 1343 1048 1378 durch
1071 1344 1155 1378 eine
1181 1342 1436 1380 Kommission
1461 1346 1562 1381 kann
1589 1348 1685 1383 doch

928 1390 1035 1426 nicht
1060 1391 1161 1426 wohl
1188 1392 1248 1426 die
1278 1391 1380 1427 Rede
1402 1392 1491 1428 sein.
1543 1393 1684 1430 Herab-

928 1437 1043 1473 fallen
1084 1439 1233 1474 konnen
1272 1440 1551 1485 Bronzetafeln,
1588 1443 1685 1478 auch

928 1486 1024 1520 ohne
1056 1486 1168 1531 lange
1195 1486 1276 1522 Zeit
1307 1488 1507 1533 gehangen
1541 1502 1585 1524 zu
1618 1490 1683 1526 ha-

927 1534 1008 1569 ben.
1068 1534 1139 1568 Zur
1170 1533 1396 1580 Bedeutung
1438 1547 1509 1571 von
1541 1548 1685 1574 noscere

925 1581 1000 1626 vgl.
1034 1581 1076 1615 A.
1110 1581 1173 1625 IV,
1203 1586 1222 1616 6
1263 1594 1330 1627 per
1361 1584 1455 1619 diem
1487 1586 1587 1629 visu,
1615 1597 1684 1630 per

924 1633 1060 1664 noctem
1099 1630 1307 1665 ulutatibus
1350 1635 1383 1666 et
1423 1634 1559 1677 yemitu
1597 1644 1682 1669 con-

922 1677 1024 1722 iuyes
1057 1681 1122 1712 aut
1159 1678 1290 1713 liberos
1322 1680 1533 1724 noscebant3
1575 1680 1609 1725 I,
1637 1685 1682 1717 62

922 1725 1025 1760 nullo
1049 1729 1233 1768 noscente,
1259 1727 1402 1762 alienas
1427 1729 1605 1773 reliquias
1631 1741 1682 1765 an

921 1783 1071 1808 suorum
1096 1773 1204 1808 humo
1230 1777 1370 1817 teyeret.

970 1823 1003 1855 8.
1029 1820 1194 1865 fliyerent]
1223 1831 1271 1855 se.
1300 1822 1449 1857 refecta.

969 1868 1102 1913 factos]
1119 1867 1216 1902 Ludi
1230 1868 1479 1905 anniversarii
1493 1871 1554 1906 vel
1572 1882 1680 1907 sacra

923 1915 1122 1950 sollemnia
1148 1916 1311 1960 pessimo
1338 1917 1471 1961 cuique
1492 1930 1511 1953 e
1532 1918 1680 1955 familia

922 1961 1122 1997 Caesarum
1150 1973 1172 1997 a
1198 1965 1331 1998 senatu
1356 1964 1538 2000 adulandi
1565 1978 1679 2003 causa

920 2010 1072 2045 decreta
1107 2012 1145 2044 et
1183 2010 1222 2045 in
1261 2010 1377 2046 fastos
1416 2013 1538 2049 relata
1572 2019 1679 2051 erant

920 2058 986 2092 aut
1011 2058 1164 2093 nomina.
1184 2057 1369 2093 mensium
1392 2059 1544 2097 honoris
1565 2073 1678 2098 eausa

918 2107 1082 2149 mutata,
1116 2105 1161 2140 de
1196 2106 1331 2150 quibus
1365 2119 1397 2142 v.
1432 2110 1474 2144 A.
1511 2109 1591 2154 XV,
1620 2115 1675 2147 74.

921 2152 1017 2195 XVI,
1044 2157 1098 2188 12.
1589 2158 1591 2161 ’

964 2200 1221 2246 exonerarent]
1243 2201 1276 2237 d.
1299 2202 1320 2236 i.
1342 2206 1548 2248 purgarent
1561 2209 1675 2251 atque

917 2249 1171 2283 emendarent.

965 2297 1162 2341 9.publicis
1169 2297 1349 2344 inpensis]
1361 2299 1438 2333 Iam
1448 2300 1560 2334 antea
1568 2312 1673 2345 prae-

917 2345 1018 2379 tores
1039 2344 1173 2379 aerarii
1196 2345 1387 2389 publicam
1408 2350 1674 2392 paupertatem

919 2390 1042 2436 questi
1072 2392 1225 2426 modum
1260 2392 1426 2437 inpensis
1462 2395 1674 2439 postulave-

917 2440 1013 2483 rant,
1029 2451 1141 2484 quam
1156 2450 1282 2474 curam
1300 2440 1471 2476 Valerius
1485 2441 1674 2479 Asiaticus

919 2487 1050 2521 consul
1069 2486 1288 2531 designatus
1310 2489 1357 2523 ob
1372 2489 1674 2534 magnitudinem

917 2535 1039 2569 oneris
1097 2536 1134 2569 et
1196 2536 1351 2570 remedii
1407 2537 1672 2574 difficultatem

915 2582 1078 2628 principi
1092 2583 1358 2618 reservandam
1375 2595 1454 2620 esse
1475 2588 1673 2624 censuerat

917 2632 961 2674 (c.
989 2632 1037 2674 9).

967 2681 1020 2712 10.
1049 2678 1215 2722 cognitus
1241 2678 1306 2724 est]
1337 2679 1407 2714 mit
1434 2680 1520 2714 dem
1547 2682 1672 2716 Infini-v

917 2724 987 2768 tiv;
1015 2737 1040 2759 s.
1067 2726 1243 2770 Draeger,
1273 2726 1376 2770 Synt.
1404 2731 1422 2769 ξ
1451 2732 1538 2771 152,
1565 2740 1597 2764 a.

965 2773 1185 2818 eonfuyisse]
1227 2784 1254 2807 S.
1294 2773 1340 2818 ΙΙ,
1373 2778 1417 2809 85
1444 2786 1513 2819 per
1545 2777 1671 2812 varias

916 2831 1037 2855 moras
1073 2824 1279 2864 susceptum
1317 2822 1367 2856 ad
1404 2821 1670 2866 Vespasianum

917 2868 985 2902 iter
1022 2869 1169 2902 trahens
1201 2871 1233 2902 et
1270 2879 1313 2903 ex
1345 2871 1488 2905 nuntiis
1521 2876 1669 2907 cuneta-

917 2915 1062 2950 bundas
1088 2919 1154 2950 aut
1176 2926 1390 2960 properans.
