1859 3182
104 672 163 714 20

183 88 240 130 20
710 87 871 123 TACITI
895 88 1230 124 HieroniARUM

141 211 157 237 5
177 199 242 238 illa
275 199 351 238 sibi
385 201 569 250 quisque,
601 211 717 250 posse
750 198 941 238 coloniam
968 202 1009 238 in
1034 199 1150 250 plano
1178 201 1290 238 sitam
1317 201 1468 252 impetu
1494 202 1590 252 capi.
1635 201 1738 240 idem

177 259 360 298 audaciae
399 271 469 309 per
507 258 690 296 tenebras
728 258 1048 309 inrumpentibus
1088 264 1126 297 et
1164 260 1353 298 maiorem
1392 260 1572 310 rapiendi
1619 260 1738 299 licen-

176 320 280 356 tiam.
331 318 472 368 quodsi
510 317 636 355 lucem
676 319 950 370 opperiantur,
988 319 1064 356 iam
1095 329 1250 369 pacem,
1288 319 1364 356 iam
1399 330 1555 370 preces,
1594 325 1633 358 et
1664 331 1735 371 pro

177 377 308 415 labore
348 382 386 415 et
424 375 653 415 vulneribus
692 375 939 414 clementiam
978 382 1016 415 et
1054 376 1234 429 gloriam,
1279 378 1425 429 inania,
1464 377 1630 430 laturos,
1670 378 1737 417 sed

177 448 272 486 opes
305 435 630 474 Cremonensium
662 436 701 473 in
741 437 828 474 sinu
862 435 1153 486 praefectorum
1186 436 1484 487 legatorumque
1517 437 1612 476 fore.
1676 449 1738 475 ex-

124 506 157 531 10
176 500 370 546 pugnatae
410 494 521 533 urbis
560 494 744 545 praedam
783 494 831 532 ad
869 494 1049 546 militem,
1094 495 1247 534 deditae
1285 495 1332 534 ad
1372 495 1492 534 duces
1525 498 1737 547 pertinere.

177 559 421 605 spernuntur
453 555 706 592 centuriones
739 553 985 605 tribunique,
1019 566 1063 593 ac
1096 566 1144 592 ne
1177 567 1249 592 vox
1283 555 1517 605 cuiusquam
1544 554 1738 607 audiatur,

177 615 358 664 quatiunt
391 625 496 651 arma
530 614 687 664 rupturi
718 613 947 665 imperium,
980 614 1021 651 ni
1053 613 1259 652 ducantur.

297 672 397 710 Tum
428 672 623 710 Antonius
655 672 836 710 inserens
868 684 909 710 se
941 672 1170 724 manipulis,
1213 672 1281 710 ubi
1313 672 1503 724 adspectu
1537 678 1576 711 et
1608 678 1739 712 aucto-

177 732 292 769 ritate
326 732 525 770 silentium
559 732 722 782 fecerat,
761 743 838 769 non
879 743 919 769 se
953 731 1073 769 decus
1106 743 1234 782 neque
1267 732 1439 782 pretium
1473 732 1627 783 eripere
1660 737 1737 771 tam

176 789 276 828 bene
323 792 475 829 meritis
526 790 772 842 adfirmabat,
824 790 891 829 sed
943 791 1065 829 divisa
1115 791 1219 828 inter
1270 791 1489 829 exercitum
1540 790 1740 842 ducesque

175 851 324 888 munia:
357 849 548 888 militibus
588 848 813 900 cupidinem
844 849 1045 900 pugnandi
1077 850 1300 901 convenire,
1333 849 1455 888 duces
1486 850 1741 902 providendO,

140 919 157 945 5
179 909 455 960 consultando,
488 910 738 947 cunctatione
773 910 928 959 saepius
963 920 1079 959 quam
1106 909 1328 947 temeritate
1355 908 1556 959 prodesse.
1601 914 1643 948 ut
1668 921 1740 960 pro

177 967 280 1005 virili
312 969 491 1018 portione
525 969 644 1006 armis
677 979 721 1006 ac
749 980 866 1006 manu
892 969 1096 1006 victoriam
1128 968 1284 1019 iuverit,
1317 969 1469 1006 ratione
1495 972 1535 1006 et
1562 968 1739 1020 consilio,

176 1028 348 1078 propriis
375 1026 487 1065 ducis
520 1026 683 1078 artibus,
710 1027 981 1079 profuturum3
1014 1038 1142 1077 neque
1175 1028 1279 1065 enim
1306 1026 1487 1077 ambigua
1514 1039 1614 1080 esse,
1641 1039 1740 1079 quae

176 1091 405 1138 occurrant,
438 1091 594 1125 noctem
628 1091 666 1125 et
698 1087 852 1136 ignotae
886 1087 1006 1125 situm
1039 1085 1169 1137 urbis,
1208 1087 1315 1124 intus
1347 1085 1482 1125 hostes
1520 1091 1560 1124 et
1599 1092 1742 1125 cuncta

177 1145 331 1183 insidiis
364 1151 596 1196 opportuna.
648 1157 745 1197 non,
778 1146 811 1183 si
842 1150 1002 1196 pateant
1034 1151 1187 1196 portae,
1220 1146 1298 1183 nisi
1324 1145 1543 1198 explorato,
1576 1146 1654 1184 nisi
1679 1145 1740 1184 die

123 1216 157 1241 10
178 1204 417 1243 intrandum.
456 1217 504 1243 an
531 1204 865 1255 obpugnationem
893 1204 1160 1255 inchoaturos,
1188 1203 1369 1254 adempto
1391 1206 1498 1242 omni
1517 1210 1742 1256 prospectu,

224 1311 254 1342 5.
281 1307 322 1341 in
345 1306 475 1351 plano]
503 1306 572 1341 wie
595 1306 636 1350 V,
664 1310 707 1340 23
734 1310 856 1340 eastra
881 1307 923 1341 in

171 1354 285 1397 plano
320 1355 410 1397 sita3
449 1353 527 1388 Liv.
555 1352 617 1395 IX,
655 1357 700 1387 26
739 1354 826 1388 urbs
850 1354 922 1388 sita

172 1402 215 1435 in
223 1402 338 1444 plano
352 1412 386 1436 u,
400 1405 431 1435 ὃ.
450 1400 742 1444 ὃΝὲὶςεΙεῦᾶεὴ,
756 1400 821 1436 lat.
839 1400 920 1436 Stil.

174 1451 194 1490 ἓ
209 1452 265 1490 21,
282 1452 313 1490 2,
330 1459 361 1483 a.
389 1448 532 1482 Anders
544 1448 691 1482 verbali:
705 1459 742 1482 es
759 1448 838 1482 sich
853 1447 922 1481 mit

175 1495 345 1538 Africam
365 1496 481 1530 eodem
503 1497 611 1529 latere
624 1496 731 1529 sitam
746 1506 775 1529 c.
792 1499 847 1538 48,
866 1498 919 1529 13.

222 1543 372 1587 impetu]
398 1543 482 1576 ‘nur
501 1553 541 1577 so
560 1542 612 1576 im
633 1542 821 1585 Anlaufe’,
850 1542 920 1576 wie

174 1590 217 1624 A.
240 1589 336 1632 XIV,
358 1593 413 1624 24.
459 1589 525 1623 Bei
545 1590 622 1624 Liv.
647 1591 738 1624 stets
752 1586 874 1634 primo
894 1590 919 1624 i.

222 1638 314 1672 idem
341 1638 535 1683 audaciae]
568 1637 643 1682 vgl.
676 1638 719 1671 A.
754 1636 850 1680 XIII,
880 1641 921 1671 16

173 1685 268 1719 idem
294 1685 434 1720 aetatis.

225 1736 255 1766 7.
277 1732 416 1778 preces]
444 1743 492 1766 sc.
518 1731 609 1775 fore,
635 1731 705 1766 wie
732 1743 761 1766 c.
790 1736 845 1776 60,
868 1735 922 1766 15.

174 1778 237 1822 IV,
265 1783 321 1823 23,
348 1783 379 1814 3.
407 1783 463 1823 63,
490 1782 521 1813 8.
552 1782 606 1822 75,
634 1782 666 1814 6

224 1831 255 1861 8.
289 1827 526 1872 elementiam]
566 1826 655 1860 kurz
695 1826 755 1860 fiir
786 1826 924 1869 famam

175 1874 391 1909 elementiae.
456 1874 528 1907 Zur
566 1873 684 1908 Sache
729 1873 922 1918 vg1.Liv.

175 1917 364 1964 XXXVII,
404 1926 448 1956 33
488 1924 630 1966 captas,
673 1932 749 1956 non
783 1922 924 1956 deditas

174 1969 292 2012 diripi
317 1970 432 2004 urbes.

222 2016 371 2061 inania]
404 2015 614 2060 ‘nichtigeS,
642 2014 773 2049 hohles
793 2015 909 2059 Zeug’
914 2043 921 2057 ,

176 2063 246 2097 wie
273 2064 314 2098 A.
342 2063 408 2106 XI,
445 2068 486 2097 16
513 2063 745 2098 vinolentiam
773 2073 815 2096 ae
841 2063 922 2097 libi-

174 2111 291 2153 dines,
311 2115 418 2155 yram
439 2111 615 2145 barbaris.
646 2110 679 2145 S.
702 2120 744 2143 zu
759 2109 803 2152 II,
820 2114 875 2154 69,
892 2114 922 2144 7.

176 2158 390 2202 Nipperdey
404 2170 446 2192 zu
457 2159 495 2192 A.
507 2159 533 2202 Ι,
543 2161 587 2192 46
601 2160 723 2202 partes
734 2157 924 2201 etplebem,

176 2206 344 2240 invalida
370 2209 401 2239 et
426 2206 591 2240 inermia.

229 2256 259 2286 9.
287 2253 328 2287 in
353 2253 453 2298 sinu]
480 2253 545 2287 ‘im
569 2251 735 2292 Sackel⁷3
757 2263 783 2286 s.
812 2263 856 2285 zu
879 2250 922 2295 ΙΙ,

177 2303 234 2343 92,
268 2304 320 2334 16.

223 2347 503 2393 praefectorum]
532 2346 738 2381 cohortium
765 2345 922 2380 auxilia-

183 2393 279 2427 rium
305 2396 342 2428 εἰ
367 2394 520 2429 alarum.

228 2445 280 2476 11.
303 2453 346 2476 ne
360 2442 591 2487 cuiusquam]
614 2452 640 2475 s.
663 2440 786 2476 Madv.
809 2444 922 2483 §494,

178 2488 211 2522 b.
245 2487 351 2522 Anm.
388 2493 417 2523 1.
460 2489 635 2533 Heraeus,
662 2489 725 2524 lat.
754 2487 922 2532 Schulgr.

178 2538 198 2577 ξ
228 2539 305 2579 169,
333 2540 364 2570 3.
394 2537 538 2581 Berger,
566 2537 630 2571 lat.
659 2536 740 2570 Stil.
767 2539 785 2577 ἓ
813 2539 868 2570 44.

229 2586 283 2616 12.
326 2585 496 2627 quatiunt
529 2584 649 2629 arma]
684 2582 752 2617 ‘sie
786 2582 923 2616 klirren

178 2629 248 2664 mit
274 2630 343 2664 den
369 2631 544 2666 Waff’en.

226 2678 416 2721 imperium
442 2679 621 2733 rumpere]
649 2678 750 2712 steht
777 2676 858 2721 (wie
882 2676 923 2709 A.

179 2724 281 2768 XIII,
321 2729 365 2759 36
400 2729 507 2770 rupto
545 2726 712 2770 imperio,
746 2724 844 2758 Curt.
880 2723 923 2766 X,

204 2775 277 2812 ,15
303 2773 456 2817 rupistis
481 2774 686 2817 imperium)
713 2772 807 2806 nach
828 2771 923 2805 Ana-

178 2776 277 2863 logie
313 2830 385 2853 von
410 2821 531 2863 fidem,
566 2821 711 2863 foedus,
742 2820 801 2854 ius
825 2829 923 2853 r-um

175 2876 275 2909 pere3
304 2878 330 2901 s,
359 2879 401 2901 zu
430 2867 454 2910 I,
484 2871 537 2912 12,
565 2872 596 2903 3.

1042 1306 1083 1340 ni
1108 1305 1308 1350 ducantur]
1335 1304 1405 1339 Ein
1430 1316 1516 1340 vom
1535 1304 1634 1341 Part.
1657 1305 1742 1341 Fut.

995 1353 1227 1397 abhangiger
1278 1351 1602 1397 Bedingungssatz
1657 1353 1741 1398 (wie

994 1399 1089 1434 noch
1116 1411 1144 1434 c.
1172 1403 1228 1442 56,
1258 1404 1311 1434 15.
1346 1399 1408 1444 IV,
1435 1404 1491 1443 39,
1520 1401 1576 1445 14)
1603 1400 1652 1435 ist
1675 1411 1743 1436 vor

994 1445 1119 1481 Livius
1140 1446 1245 1482 nicht
1264 1447 1401 1482 fiblich.
1435 1446 1610 1492 Draeger,
1638 1447 1742 1493 Synt.

1041 1541 1104 1576 20.
1132 1545 1163 1575 4.
1190 1541 1335 1587 munia]
1363 1553 1389 1576 S.
1417 1553 1462 1576 zu
1488 1553 1518 1576 e.
1546 1545 1602 1587 13,
1628 1546 1660 1578 2.

1043 1591 1075 1622 5.
1097 1599 1167 1633 pro
1201 1589 1304 1623 virili
1329 1589 1513 1634 portione]
1549 1590 1616 1624 wie
1649 1589 1739 1634 Agr.

995 1638 1052 1679 45,
1083 1636 1175 1669 stati:
1200 1636 1263 1670 des
1293 1635 1577 1692 gewohnlichen
1594 1647 1665 1681 pro
1689 1638 1742 1672 vi-

995 1683 1060 1717 rili
1073 1688 1181 1727 parte
1201 1699 1245 1711 =
1265 1681 1304 1717 τὸ
1329 1680 1466 1718 ἑαυτοῦ
1486 1683 1608 1728 μέρος,
1623 1695 1735 1729 quan-

995 1731 1076 1763 tum
1102 1729 1140 1763 in
1167 1741 1204 1764 se
1228 1731 1287 1774 sit,
1317 1730 1373 1765 so
1393 1730 1467 1765 viel
1487 1732 1554 1765 auf
1568 1731 1634 1765 ihn
1656 1731 1743 1774 (den

995 1776 1122 1820 Mann)
1150 1777 1362 1812 ankomme
1392 1778 1425 1812 d
1446 1778 1481 1812 h.
1511 1778 1585 1812 ‘fur
1611 1778 1743 1813 seinen

997 1824 1090 1868 Teil,
1117 1825 1211 1859 nach
1232 1824 1403 1859 Kr'aften’
1411 1851 1418 1859 .
1458 1825 1509 1859 Zu
1535 1835 1607 1870 eng
1609 1836 1628 1860 e
1654 1825 1744 1860 fasst

997 1871 1056 1906 die
1100 1870 1247 1906 Formel
1291 1873 1430 1916 Krebs,
1475 1837 1744 1908 Antibgzrbarus

1044 1970 1076 2001 6.
1112 1967 1301 2001 victoriam
1332 1968 1461 2001 iuvare
1487 1966 1600 2000 '‘zum
1635 1966 1743 2012 Siege

996 2013 1214 2049 verhelfen’.

1044 2063 1189 2096 ratione
1222 2064 1253 2095 et
1291 2061 1458 2106 consilio]
1502 2060 1635 2094 ‘durch
1674 2060 1742 2095 Βε-

998 2109 1188 2152 lechnung
1229 2108 1313 2141 und‘
1343 2107 1602 2153 Uberlegung’
1638 2107 1671 2143 d.
1720 2108 1743 2145 i.

1000 2155 1131 2188 durch
1179 2154 1445 2199 planmafsiges
1486 2155 1563 2189 und
1609 2155 1742 2200 kluges

997 2201 1231 2245 Veifahren'3
1267 2203 1340 2246 vgl.
1375 2213 1405 2238 c.
1433 2206 1488 2239 60.
1515 2205 1571 2239 82.
1597 2202 1673 2237 und
1699 2213 1744 2237 zu

996 2248 1041 2292 11,
1071 2252 1124 2293 19,
1153 2253 1172 2283 9
1194 2229 1269 2283 und
1295 2249 1339 2293 ΙΙ,
1366 2253 1398 2294 5,
1424 2254 1457 2285 2.

1044 2300 1075 2331 8.
1102 2300 1237 2331 noctem
1263 2300 1295 2332 et
1319 2298 1464 2342 iynotae
1488 2297 1598 2332 situm
1623 2296 1742 2342 urbis]

995 2343 1180 2378 Wortlioh
1208 2356 1248 2379 so
1273 2345 1335 2379 bei
1361 2345 1441 2380 Liv.
1463 2344 1507 2389 V,
1527 2348 1584 2387 39,
1605 2348 1637 2381 2.
1673 2343 1742 2379 Die

996 2390 1195 2435 Wendung
1222 2392 1324 2426 steht
1349 2393 1419 2426 mit
1439 2392 1540 2426 einer
1559 2390 1742 2436 Enallage

997 2438 1060 2472 des
1081 2437 1280 2484 AdJ'ektivs
1307 2439 1366 2474 fiir
1390 2440 1500 2475 situm
1519 2439 1622 2474 wrbis
1640 2439 1741 2484 ἑρπο-

996 2489 1081 2520 tum.

1044 2533 1244 2578 explorato]
1305 2533 1421 2568 ‘nach
1472 2533 1739 2578 eingezogener

997 2580 1261 2623 Kundschaft',
1293 2580 1376 2616 Abl.
1404 2581 1482 2616 abs.
1510 2580 1573 2615 des
1600 2579 1742 2614 blossen

998 2626 1190 2672 Particips.
1254 2627 1438 2668 Heraeus,
1476 2628 1538 2662 lat.
1573 2626 1741 2672 Schulgr.

999 2678 1017 2716 g
1045 2678 1123 2719 197,
1151 2679 1170 2708 2
1197 2675 1303 2710 Anm
1331 2679 1363 2709 5.

1048 2726 1100 2756 10.
1117 2722 1182 2768 an]
1206 2723 1327 2757 Madv.
1347 2725 1460 2765 §453
1475 2721 1742 2764 Schultz§205

972 2770 1039 2805 .A.
1070 2772 1098 2802 1.
1149 2768 1324 2814 Heraeus,
1345 2770 1410 2804 lat.
1432 2768 1599 2814 Schulgr.
1621 2771 1742 2811 5214,

997 2819 1017 2850 3
1044 2815 1150 2850 Anm.
1180 2821 1209 2851 1.
1260 2797 1387 2852 Ub’ers.
1416 2817 1529 2851 ‘deun
1555 2815 1679 2851 etwa’.

1041 2867 1252 2908 prospectus
1277 2864 1380 2909 eigtl.
1415 2864 1495 2899 ‘der
1519 2863 1610 2898 freie
1635 2862 1743 2898 Blick
