1859 3182
110 645 161 685 17

181 122 201 161 1
209 121 234 162 8
707 115 864 151 TACITI
890 115 1223 150 HISTORIARUM

180 243 290 283 suos,
322 235 366 269 ut
397 241 536 279 magno
565 228 693 266 animo
727 231 980 278 capesserent
1010 226 1199 278 pugnam,
1233 226 1404 265 diductis
1437 227 1477 264 in
1507 226 1628 265 latera
1655 233 1738 265 tur-

179 292 254 329 mis
286 300 452 328 vacuum
485 287 614 326 medio
641 285 830 337 relinquit
856 287 950 337 iter,
983 298 1059 337 quo
1086 285 1229 324 Varum
1257 286 1489 335 equitesque
1522 286 1607 323 eius
1640 286 1737 324 reci-

128 359 162 384 10
182 354 311 401 peret3
344 350 473 386 iussae
507 347 650 385 armari
688 345 881 397 legiones3
921 344 1053 384 datum
1095 357 1166 395 per
1205 356 1318 394 agros
1351 345 1524 396 signum,
1562 349 1622 395 ut,
1661 356 1738 395 qua

179 410 322 459 cuique
360 407 602 458 proximum,
641 405 784 443 omissa
816 403 960 454 praeda
991 403 1140 455 proelio
1180 409 1419 442 occurreret.

1480 402 1643 454 pavidus
1681 403 1738 441 in-

179 468 295 506 terim
328 465 451 504 Varus
484 464 622 504 turbae
662 475 825 502 suorum
857 464 1047 502 miscetur
1079 462 1290 513 intulitque
1324 461 1583 500 formidinem.
1634 461 1740 512 pulsi

180 538 270 565 cum
303 526 447 564 sauciis
480 524 625 574 integri
658 528 812 561 suomet
843 523 920 573 ipsi
945 527 1053 561 metu
1080 526 1119 560 et
1145 521 1337 572 angustiis
1364 522 1514 559 viarum
1542 520 1740 559 conflicta-

179 584 334 624 bantur.

297 643 456 682 Nullum
505 644 546 681 in
601 641 665 679 illa
710 640 970 691 trepidatione
1020 640 1215 678 Antonius
1259 640 1476 678 constantis
1519 638 1631 677 ducis
1674 643 1743 677 aut

179 704 292 742 fortis
335 702 470 741 militis
516 701 687 739 officium
728 701 868 739 omisit.

931 711 1140 738 occursare
1178 697 1430 750 paventibus,
1468 698 1641 736 retinere
1680 709 1741 736 ce-

180 762 336 814 dentes,
367 761 436 800 ubi
468 761 662 811 plurimus
695 758 821 811 labor,
860 758 963 797 unde
996 758 1122 808 aliqua
1145 769 1264 809 spes,
1299 756 1462 796 consilio
1494 768 1614 795 manu
1645 767 1742 794 voce

179 822 346 872 insignis
378 820 493 871 hosti,
527 820 765 869 conspicuus
798 818 891 856 suis.
944 829 988 855 eo
1021 822 1220 867 postremo
1253 816 1405 854 ardoris
1431 820 1643 866 provectus
1670 820 1744 867 est,

144 891 160 916 5
180 885 225 920 ut
256 880 501 919 vexillarium
534 879 749 929 fugientem
783 877 894 915 hasta
927 875 1286 926 transverberaret,
1318 886 1407 913 mox
1434 879 1590 925 raptum
1623 873 1741 912 vexil-

178 939 260 979 lum
303 940 343 977 in
387 939 541 977 hostem
586 938 714 975 vertit.

777 948 853 987 quo
898 935 1047 986 pudore
1092 934 1197 973 haud
1241 934 1375 985 plures
1421 945 1537 984 quam
1582 937 1742 971 centum

180 1000 333 1050 equites
360 999 561 1036 restitere:
599 997 697 1035 iuvit
728 995 838 1034 locus
870 996 1016 1033 artiore
1049 993 1128 1032 illic
1161 994 1219 1031 via
1253 998 1291 1031 et
1323 993 1446 1031 fracto
1476 991 1742 1030 interfluentis

179 1059 254 1096 rivi
285 1062 421 1109 ponte,
455 1057 523 1107 qui
555 1057 706 1094 incerto
740 1054 847 1093 alveo
880 1059 919 1092 et
950 1052 1234 1104 praecipitibus
1261 1053 1358 1103 ripis
1392 1051 1521 1102 sugam
1553 1050 1741 1101 impedie-

179 1116 255 1156 bat.
307 1129 350 1155 ea
382 1116 598 1154 necessitas
631 1126 702 1153 seu
733 1114 891 1152 fortuna
924 1112 1051 1163 lapsas
1084 1113 1159 1150 iam
1192 1116 1323 1162 partes
1356 1111 1542 1149 restituit.
1596 1109 1742 1148 firmati

126 1186 160 1212 ιο
179 1178 282 1215 inter
316 1187 357 1213 se
394 1175 526 1214 densis
562 1172 768 1212 ordinibus
796 1173 998 1222 excipiunt
1023 1171 1250 1209 Vitellianos
1277 1175 1426 1209 temere
1454 1169 1598 1207 effusos
1625 1173 1743 1219 atque

181 1234 236 1273 illi
269 1239 585 1273 consternantur.
636 1232 831 1271 Antonius
863 1233 1012 1269 instare
1044 1229 1257 1281 perculsis,
1290 1235 1467 1268 sternere
1501 1227 1654 1279 obvios,
1685 1228 1743 1276 ,si—

177 1294 260 1333 mul
293 1295 433 1346 ceteri,
473 1299 518 1332 ut
559 1293 702 1343 cuique
734 1291 955 1342 ingenium,
994 1289 1161 1340 spoliare
1201 1299 1361 1340 capere,
1401 1299 1507 1326 arma
1540 1297 1743 1338 equosque

179 1353 371 1404 abripere.

227 1530 258 1561 9.
284 1537 440 1561 vacuum
464 1524 550 1570 iter]
580 1522 685 1557 ‘freie
710 1521 845 1556 Bahn'.

225 1573 356 1618 medio]
385 1585 412 1607 s.
440 1584 483 1606 zu
508 1571 535 1614 I,
562 1574 618 1614 68,
641 1574 670 1605 7.
863 1588 867 1594 ·

228 1624 283 1655 10.
299 1621 425 1655 datum
438 1618 599 1664 signum]
615 1629 663 1652 se.
680 1615 923 1651 auxiliaribus

180 1668 393 1703 cohortibus
419 1669 463 1710 (e.
493 1667 562 1710 15).

227 1727 299 1760 qua
319 1716 445 1760 cuique
460 1712 687 1758 prozimum]
710 1723 758 1746 se.
780 1711 860 1745 erat.
880 1727 923 1738 =

183 1763 265 1797 ‘auf
288 1762 372 1797 dem
397 1761 579 1796 nachsten
606 1758 752 1803 Wege’.

231 1814 285 1845 11.
311 1819 495 1846 occurrere
529 1806 717 1848 ‘zueilen',
750 1804 819 1839 wie
845 1803 922 1838 Liv.

179 1857 223 1902 X,
250 1861 294 1892 43
321 1857 443 1892 neutri
462 1855 602 1900 proelio
627 1855 870 1889 occurrerunt.

230 1909 284 1940 13.
312 1903 530 1948 conflictari,
549 1901 618 1936 wie
639 1912 669 1936 c.
696 1903 752 1943 32,
782 1903 813 1944 1,
843 1899 926 1944 ‘arg

179 1953 235 1988 ins
281 1951 476 1996 Gedrange
521 1950 711 1991 kommen,
760 1946 800 1981 in
844 1946 926 1980 eine

181 2000 375 2035 schlimme
402 1998 502 2042 Lage
529 1995 710 2041 geraten'.

229 2047 293 2082 17.
322 2051 353 2081 1.
373 2045 568 2090 trepidatio
590 2041 832 2085 ‘Wirrwarr’,
857 2038 927 2074 wie

182 2094 228 2138 IL
255 2097 394 2130 22.26.

232 2145 264 2176 2.
290 2141 397 2184 fortis
422 2138 566 2184 militis]
605 2137 673 2171 Die
707 2136 839 2170 Lesart
864 2135 928 2168 des

184 2188 281 2224 Med.
321 2187 513 2232 fortissimi
555 2185 682 2220 militis
720 2184 770 2217 ist
814 2182 930 2216 durch

183 2235 447 2280 Dittographie
457 2234 520 2268 der
531 2232 632 2267 Silbe
640 2231 690 2266 mi
698 2228 928 2265 entstanden.

185 2284 270 2329 Vgl.
299 2283 385 2318 Sall.
407 2283 484 2317 Cat.
513 2284 557 2315 60
582 2278 722 2315 strenui
747 2277 874 2312 militis
899 2278 931 2310 et

186 2332 272 2367 boni
309 2328 539 2375 imperatoris
577 2326 702 2369 officia
732 2324 840 2359 simul
872 2334 929 2358 ex-

183 2378 411 2424 sequebatur,
437 2376 479 2411 A.
506 2373 672 2417 XXVIII,
698 2377 730 2416 3,
757 2375 789 2406 2.

234 2426 393 2461 omittere
420 2421 617 2458 ‘unerfiillt
642 2419 792 2461 lassen'.

237 2477 268 2508 3.
295 2483 408 2506 manu
431 2470 528 2516 voce]
560 2478 690 2505 manus
715 2465 931 2502 bezeichnet

188 2521 247 2555 die
294 2517 565 2564 eigenh'andige
606 2514 825 2550 Teilnahme
870 2523 929 2546 am

188 2567 368 2612 Kampfe,
417 2576 486 2600 vox
531 2565 601 2599 den
645 2559 929 2597 ermunternden

190 2614 311 2650 Zuruf.
367 2613 450 2658 Vgl.
484 2613 525 2646 A.
560 2611 604 2655 II,
642 2614 684 2645 17
717 2610 810 2644 inter
841 2617 929 2651 quos

188 2662 347 2707 insiynis
379 2660 572 2694 Arminius
603 2668 716 2693 manu
750 2665 830 2691 voce
855 2655 931 2688 vul-

189 2720 271 2744 nere
306 2708 528 2743 sustentabat
557 2716 733 2751 puynam.
790 2702 932 2736 Anders

190 2759 384 2799 c.29,10.

238 2808 270 2839 4.
315 2802 529 2847 conspicuus
568 2799 668 2834 ‘sich
706 2795 935 2833 bemerklieh

190 2850 385 2894 machend,
406 2845 770 2889 hervorleuchtend’,
800 2843 869 2879 wie
890 2842 934 2885 II,

191 2902 330 2942 42‚13.

435 1358 473 1391 et
515 1352 634 1390 exciti
669 1361 860 1402 prospero
901 1348 1089 1401 clamore,
1128 1348 1195 1399 qui
1234 1346 1350 1386 modo
1389 1358 1460 1397 per
1499 1357 1613 1396 agros
1653 1345 1744 1396 fuga

179 1412 429 1464 palabantur,
462 1412 649 1450 victoriae
683 1422 724 1448 se
757 1408 986 1448 miscebant.

1046 1523 1077 1554 5.
1104 1520 1318 1554 veoeillarius
1338 1518 1387 1552 ist
1406 1518 1488 1552 hier
1508 1518 1577 1552 wie
1596 1517 1623 1559 I,
1645 1520 1702 1561 41,
1725 1520 1743 1550 1

997 1568 1062 1602 der
1082 1567 1284 1609 Fahnrich3
1312 1566 1445 1600 andere
1464 1565 1511 1609 II,
1534 1568 1588 1599 18.
1610 1568 1666 1599 66.
1688 1567 1744 1599 83.

999 1614 1164 1657 100.11L
1191 1617 1299 1649 6.48.

1045 1666 1076 1696 6.
1124 1661 1212 1706 quo]
1252 1661 1310 1695 fiir
1342 1660 1446 1696 euius
1473 1659 1543 1703 rei3
1577 1669 1604 1693 S.
1633 1670 1676 1692 zu
1701 1657 1748 1702 11,

998 1712 1115 1751 43,5.

1048 1760 1078 1791 7.
1105 1755 1215 1800 iuvit]
1242 1767 1269 1789 s.
1297 1765 1340 1788 zu
1365 1754 1409 1797 II,
1437 1757 1493 1798 44,
1522 1756 1575 1787 10.

1048 1806 1078 1837 8.
1112 1803 1200 1848 rivi]
1232 1802 1259 1846 j.
1286 1800 1485 1844 Delmona,
1520 1799 1580 1833 ein
1608 1797 1747 1833 Zufluss

999 1850 1062 1884 des
1089 1849 1208 1894 Oglio,
1233 1848 1330 1883 nach
1350 1848 1472 1893 Rycks
1498 1846 1745 1890 Vermutung.

1046 1897 1196 1941 incerto]
1219 1896 1427 1941 Gegensatz
1449 1907 1491 1929 zu
1512 1893 1648 1935 solid03
1669 1893 1744 1937 vgl.

999 1945 1042 1980 A.
1062 1945 1089 1988 I,
1111 1948 1155 1979 70
1180 1954 1291 1988 neque
1316 1942 1473 1978 discerni
1494 1944 1664 1986 poterant
1688 1941 1746 1975 in-

1000 1995 1096 2027 certa
1128 1992 1173 2026 ab
1205 1991 1347 2034 solidi83
1381 1990 1425 2024 H.
1459 1988 1510 2033 V,·
1537 1992 1557 2023 6
1589 1989 1748 2022 incertae

999 2040 1122 2074 undae
1153 2039 1362 2083 superiacta
1393 2040 1434 2072 ut
1464 2036 1579 2071 solido
1604 2036 1745 2078 ferunt;

1003 2098 1032 2121 o.
1062 2091 1106 2120 14
1131 2086 1279 2120 incertis
1303 2085 1418 2119 vadis.
1463 2082 1537 2117 Das
1562 2081 1748 2117 Flursbett

1002 2133 1107 2168 hatte
1135 2133 1241 2167 einen
1266 2131 1486 2166 unsicheren
1513 2128 1650 2164 Grund.
1675 2160 1682 2166 .

1051 2184 1082 2215 9.
1119 2180 1303 2214 restituere
1337 2177 1489 2213 ‘wieder
1527 2175 1747 2212 aufhelfen’.

1050 2226 1202 2272 firmati]
1225 2225 1376 2261 reflexiv
1389 2237 1431 2259 zu
1444 2224 1602 2259 nehmen
1617 2233 1747 2268 wegen

1003 2276 1097 2309 inter
1117 2284 1167 2317 se,
1188 2274 1261 2318 vgl.
1284 2284 1326 2307 zu
1346 2273 1390 2316 V,
1410 2275 1464 2314 26,
1489 2275 1508 2306 5
1529 2270 1746 2314 defenderer.

1054 2325 1107 2356 10.
1135 2324 1239 2366 atque
1257 2319 1428 2364 folgernd
1450 2318 1540 2353 ‘und
1559 2329 1645 2362 nun,
1670 2316 1748 2351 und

1005 2369 1074 2404 so'.
1131 2367 1215 2413 Vgl.
1262 2366 1510 2412 Nagelsbaoh,
1554 2365 1618 2401 lat.
1665 2362 1747 2399 Stil.

1004 2420 1022 2458 s
1052 2419 1130 2460 19&
1157 2415 1249 2460 2‚b.

1053 2467 1106 2498 11.
1140 2462 1366 2498 consternari
1402 2460 1555 2504 ‘stutzig
1588 2458 1749 2500 werden,

1004 2511 1062 2545 die
1095 2510 1261 2555 Fassung
1292 2507 1500 2544 verlieren’.
1558 2505 1632 2540 Das
1664 2504 1747 2539 Bild.

1002 2558 1052 2593 ist
1089 2569 1172 2593 vom
1207 2554 1479 2592 Scheuwerden
1517 2553 1582 2588 der
1613 2551 1747 2588 Pferde

1002 2606 1250 2640 entnommen.

1048 2653 1243 2698 perculsis]
1273 2663 1299 2687 e.
1327 2663 1370 2685 zu
1395 2649 1440 2691 ΙΙ,
1468 2653 1523 2693 54,
1549 2652 1580 2683 3.

1057 2703 1109 2734 12.
1136 2700 1322 2744 ingenium
1339 2695 1559 2732 ‘Sinnesart’
1575 2693 1645 2729 wie
1658 2693 1700 2729 G.
1716 2697 1749 2728 3.

1055 2758 1180 2791 capere
1223 2745 1372 2781 absolut
1406 2742 1636 2787 ‘Gesangene
1671 2751 1749 2775 ma-

998 2795 1129 2829 ehen'.

1059 2845 1111 2875 13.
1139 2840 1319 2886 abripere]
1348 2851 1374 2874 s.
1402 2851 1446 2873 zu
1472 2838 1517 2881 II,
1544 2841 1600 2880 36,
1629 2839 1660 2871 1.

1058 2893 1111 2923 14.
1138 2899 1173 2923 se
1198 2887 1357 2933 miscere]
1395 2885 1488 2921 ‘sich
1519 2880 1751 2927 beteiligen’.
