<?xml version="1.0" encoding="UTF-8"?>
<!DOCTYPE html PUBLIC "-//W3C//DTD XHTML 1.0 Transitional//EN"
    "http://www.w3.org/TR/xhtml1/DTD/xhtml1-transitional.dtd">
<html xmlns="http://www.w3.org/1999/xhtml" xml:lang="en" lang="en">
 <head>
  <title>
</title>
<meta http-equiv="Content-Type" content="text/html;charset=utf-8" />
  <meta name='ocr-system' content='tesseract 3.04.00' />
  <meta name='ocr-capabilities' content='ocr_page ocr_carea ocr_par ocr_line ocrx_word'/>
</head>
<body>
  <div class='ocr_page' id='page_1' title='image "./historiarumlibri0304taciuoft_0156.png"; bbox 0 0 1859 3182; ppageno 0'>
   <div class='ocr_carea' id='block_1_1' title="bbox 125 316 182 359">
    <p class='ocr_par' dir='ltr' id='par_1_1' title="bbox 125 316 182 359">
     <span class='ocr_line' id='line_1_1' title="bbox 125 316 182 359; baseline -0.035 0"><span class='ocrx_word' id='word_1_1' title='bbox 125 316 182 359; x_wconf 87' lang='lat'>46</span> 
     </span>
    </p>
   </div>
   <div class='ocr_carea' id='block_1_2' title="bbox 200 88 284 129">
    <p class='ocr_par' dir='ltr' id='par_1_2' title="bbox 200 88 284 129">
     <span class='ocr_line' id='line_1_2' title="bbox 200 88 284 129; baseline 0 0"><span class='ocrx_word' id='word_1_2' title='bbox 200 88 284 129; x_wconf 82' lang='lat'>148</span> 
     </span>
    </p>
   </div>
   <div class='ocr_carea' id='block_1_3' title="bbox 199 200 487 239">
    <p class='ocr_par' dir='ltr' id='par_1_3' title="bbox 199 200 487 239">
     <span class='ocr_line' id='line_1_3' title="bbox 199 200 487 239; baseline -0.01 0"><span class='ocrx_word' id='word_1_3' title='bbox 199 200 487 239; x_wconf 79' lang='lat' dir='ltr'>admoneretur.</span> 
     </span>
    </p>
   </div>
   <div class='ocr_carea' id='block_1_4' title="bbox 721 83 1246 120">
    <p class='ocr_par' dir='ltr' id='par_1_4' title="bbox 721 83 1246 120">
     <span class='ocr_line' id='line_1_4' title="bbox 721 83 1246 120; baseline -0.006 0"><span class='ocrx_word' id='word_1_4' title='bbox 721 84 883 120; x_wconf 82' lang='lat' dir='ltr'>TACITI</span> <span class='ocrx_word' id='word_1_5' title='bbox 908 83 1246 119; x_wconf 85' lang='lat' dir='ltr'>HISTORIARUM</span> 
     </span>
    </p>
   </div>
   <div class='ocr_carea' id='block_1_5' title="bbox 550 192 1756 244">
    <p class='ocr_par' dir='ltr' id='par_1_5' title="bbox 550 192 1756 244">
     <span class='ocr_line' id='line_1_5' title="bbox 550 192 1756 244; baseline -0.003 -9"><span class='ocrx_word' id='word_1_6' title='bbox 550 197 673 236; x_wconf 89' lang='lat' dir='ltr'>isdem</span> <span class='ocrx_word' id='word_1_7' title='bbox 713 195 852 234; x_wconf 88' lang='lat' dir='ltr'>diebus</span> <span class='ocrx_word' id='word_1_8' title='bbox 884 195 1076 233; x_wconf 85' lang='lat' dir='ltr'>Antonius</span> <span class='ocrx_word' id='word_1_9' title='bbox 1108 193 1279 232; x_wconf 88' lang='lat' dir='ltr'>Flamma</span> <span class='ocrx_word' id='word_1_10' title='bbox 1313 192 1603 244; x_wconf 81' lang='lat' dir='ltr'>Cyrenensibus</span> <span class='ocrx_word' id='word_1_11' title='bbox 1635 204 1756 232; x_wconf 80' lang='lat' dir='ltr'>accu-</span> 
     </span>
    </p>
   </div>
   <div class='ocr_carea' id='block_1_6' title="bbox 146 252 1760 724">
    <p class='ocr_par' dir='ltr' id='par_1_6' title="bbox 146 252 1616 305">
     <span class='ocr_line' id='line_1_6' title="bbox 146 252 1616 305; baseline -0.005 -7"><span class='ocrx_word' id='word_1_12' title='bbox 146 269 180 293; x_wconf 91' lang='lat'>10</span> <span class='ocrx_word' id='word_1_13' title='bbox 199 260 381 298; x_wconf 77' lang='lat' dir='ltr'>santibus</span> <span class='ocrx_word' id='word_1_14' title='bbox 412 257 619 295; x_wconf 88' lang='lat' dir='ltr'>damnatur</span> <span class='ocrx_word' id='word_1_15' title='bbox 651 255 735 305; x_wconf 84' lang='lat' dir='ltr'>lege</span> <span class='ocrx_word' id='word_1_16' title='bbox 768 253 1074 305; x_wconf 89' lang='lat' dir='ltr'>repetundarum</span> <span class='ocrx_word' id='word_1_17' title='bbox 1108 258 1147 291; x_wconf 87' lang='lat' dir='ltr'>et</span> <span class='ocrx_word' id='word_1_18' title='bbox 1179 252 1293 291; x_wconf 83' lang='lat' dir='ltr'>exilio</span> <span class='ocrx_word' id='word_1_19' title='bbox 1326 252 1374 290; x_wconf 91' lang='lat' dir='ltr'>ob</span> <span class='ocrx_word' id='word_1_20' title='bbox 1407 253 1616 290; x_wconf 89' lang='lat' dir='ltr'>saevitiam.</span> 
     </span>
    </p>

    <p class='ocr_par' dir='ltr' id='par_1_7' title="bbox 162 310 1760 724">
     <span class='ocr_line' id='line_1_7' title="bbox 320 310 1757 367; baseline -0.005 -12"><span class='ocrx_word' id='word_1_21' title='bbox 320 316 425 355; x_wconf 84' lang='lat' dir='ltr'><strong>Inter</strong></span> <span class='ocrx_word' id='word_1_22' title='bbox 459 328 556 367; x_wconf 88' lang='lat' dir='ltr'>quae</span> <span class='ocrx_word' id='word_1_23' title='bbox 588 314 769 353; x_wconf 85' lang='lat' dir='ltr'>militaris</span> <span class='ocrx_word' id='word_1_24' title='bbox 802 313 942 352; x_wconf 88' lang='lat' dir='ltr'>seditio</span> <span class='ocrx_word' id='word_1_25' title='bbox 974 325 1096 363; x_wconf 84' lang='lat' dir='ltr'>prope</span> <span class='ocrx_word' id='word_1_26' title='bbox 1129 313 1286 350; x_wconf 78' lang='lat' dir='ltr'>exarsit.</span> <span class='ocrx_word' id='word_1_27' title='bbox 1339 312 1627 362; x_wconf 79' lang='lat' dir='ltr'>praetorianam</span> <span class='ocrx_word' id='word_1_28' title='bbox 1658 310 1757 349; x_wconf 91' lang='lat' dir='ltr'>mili-</span> 
     </span>
     <span class='ocr_line' id='line_1_8' title="bbox 201 370 1760 426; baseline -0.005 -11"><span class='ocrx_word' id='word_1_29' title='bbox 201 378 293 415; x_wconf 85' lang='lat' dir='ltr'>tiam</span> <span class='ocrx_word' id='word_1_30' title='bbox 326 375 558 426; x_wconf 84' lang='lat' dir='ltr'>repetebant</span> <span class='ocrx_word' id='word_1_31' title='bbox 595 386 615 412; x_wconf 91' lang='lat' dir='ltr'>a</span> <span class='ocrx_word' id='word_1_32' title='bbox 657 373 810 412; x_wconf 89' lang='lat' dir='ltr'>Vitellio</span> <span class='ocrx_word' id='word_1_33' title='bbox 853 372 1022 424; x_wconf 80' lang='lat' dir='ltr'>dimissi,</span> <span class='ocrx_word' id='word_1_34' title='bbox 1067 383 1138 423; x_wconf 91' lang='lat' dir='ltr'>pro</span> <span class='ocrx_word' id='word_1_35' title='bbox 1170 370 1407 422; x_wconf 87' lang='lat' dir='ltr'>Vespasiano</span> <span class='ocrx_word' id='word_1_36' title='bbox 1445 371 1688 421; x_wconf 86' lang='lat' dir='ltr'>congregati,</span> <span class='ocrx_word' id='word_1_37' title='bbox 1720 374 1760 408; x_wconf 91' lang='lat' dir='ltr'>et</span> 
     </span>
     <span class='ocr_line' id='line_1_9' title="bbox 200 428 1758 483; baseline -0.005 -9"><span class='ocrx_word' id='word_1_38' title='bbox 200 435 327 474; x_wconf 88' lang='lat' dir='ltr'>lectus</span> <span class='ocrx_word' id='word_1_39' title='bbox 359 436 399 473; x_wconf 92' lang='lat' dir='ltr'>in</span> <span class='ocrx_word' id='word_1_40' title='bbox 433 434 595 472; x_wconf 91' lang='lat' dir='ltr'>eandem</span> <span class='ocrx_word' id='word_1_41' title='bbox 628 444 737 483; x_wconf 90' lang='lat' dir='ltr'>spem</span> <span class='ocrx_word' id='word_1_42' title='bbox 770 444 790 469; x_wconf 91' lang='lat' dir='ltr'>e</span> <span class='ocrx_word' id='word_1_43' title='bbox 823 430 1042 482; x_wconf 83' lang='lat' dir='ltr'>legionibus</span> <span class='ocrx_word' id='word_1_44' title='bbox 1075 429 1185 468; x_wconf 89' lang='lat' dir='ltr'>miles</span> <span class='ocrx_word' id='word_1_45' title='bbox 1212 431 1405 481; x_wconf 91' lang='lat' dir='ltr'>promissa</span> <span class='ocrx_word' id='word_1_46' title='bbox 1433 428 1626 480; x_wconf 87' lang='lat' dir='ltr'>stipendia</span> <span class='ocrx_word' id='word_1_47' title='bbox 1652 428 1758 479; x_wconf 85' lang='lat' dir='ltr'>flagi-</span> 
     </span>
     <span class='ocr_line' id='line_1_10' title="bbox 200 487 1758 546; baseline -0.004 -13"><span class='ocrx_word' id='word_1_48' title='bbox 200 494 324 546; x_wconf 84' lang='lat' dir='ltr'>tabat3</span> <span class='ocrx_word' id='word_1_49' title='bbox 368 506 416 532; x_wconf 90' lang='lat' dir='ltr'>ne</span> <span class='ocrx_word' id='word_1_50' title='bbox 448 492 644 531; x_wconf 89' lang='lat' dir='ltr'>Vitelliani</span> <span class='ocrx_word' id='word_1_51' title='bbox 683 491 839 542; x_wconf 90' lang='lat' dir='ltr'>quidem</span> <span class='ocrx_word' id='word_1_52' title='bbox 879 491 961 529; x_wconf 92' lang='lat' dir='ltr'>sine</span> <span class='ocrx_word' id='word_1_53' title='bbox 994 489 1115 528; x_wconf 88' lang='lat' dir='ltr'>multa</span> <span class='ocrx_word' id='word_1_54' title='bbox 1154 488 1271 527; x_wconf 86' lang='lat' dir='ltr'>caede</span> <span class='ocrx_word' id='word_1_55' title='bbox 1310 487 1401 539; x_wconf 84' lang='lat' dir='ltr'>pelli</span> <span class='ocrx_word' id='word_1_56' title='bbox 1433 493 1626 539; x_wconf 86' lang='lat' dir='ltr'>poterant.</span> <span class='ocrx_word' id='word_1_57' title='bbox 1690 487 1758 526; x_wconf 86' lang='lat' dir='ltr'>sed</span> 
     </span>
     <span class='ocr_line' id='line_1_11' title="bbox 162 546 1758 604; baseline -0.004 -14"><span class='ocrx_word' id='word_1_58' title='bbox 162 563 179 590; x_wconf 88' lang='lat'>5</span> <span class='ocrx_word' id='word_1_59' title='bbox 200 555 391 592; x_wconf 88' lang='lat' dir='ltr'>immensa</span> <span class='ocrx_word' id='word_1_60' title='bbox 431 552 597 604; x_wconf 88' lang='lat' dir='ltr'>pecunia</span> <span class='ocrx_word' id='word_1_61' title='bbox 637 551 833 596; x_wconf 77' lang='lat' dir='ltr'>terrebat,</span> <span class='ocrx_word' id='word_1_62' title='bbox 874 552 911 588; x_wconf 80' lang='lat' dir='ltr'>si</span> <span class='ocrx_word' id='word_1_63' title='bbox 941 553 1047 588; x_wconf 87' lang='lat' dir='ltr'>tanta</span> <span class='ocrx_word' id='word_1_64' title='bbox 1085 549 1143 586; x_wconf 88' lang='lat' dir='ltr'>vis</span> <span class='ocrx_word' id='word_1_65' title='bbox 1180 547 1384 586; x_wconf 90' lang='lat' dir='ltr'>hominum</span> <span class='ocrx_word' id='word_1_66' title='bbox 1421 546 1625 585; x_wconf 86' lang='lat' dir='ltr'>retinenda</span> <span class='ocrx_word' id='word_1_67' title='bbox 1665 550 1758 585; x_wconf 87' lang='lat' dir='ltr'>erat.</span> 
     </span>
     <span class='ocr_line' id='line_1_12' title="bbox 200 605 1760 662; baseline -0.005 -11"><span class='ocrx_word' id='word_1_68' title='bbox 200 615 402 662; x_wconf 89' lang='lat' dir='ltr'>ingressus</span> <span class='ocrx_word' id='word_1_69' title='bbox 436 616 562 650; x_wconf 88' lang='lat' dir='ltr'>castra</span> <span class='ocrx_word' id='word_1_70' title='bbox 595 609 821 660; x_wconf 82' lang='lat' dir='ltr'>Mucianus,</span> <span class='ocrx_word' id='word_1_71' title='bbox 861 620 938 660; x_wconf 86' lang='lat' dir='ltr'>quo</span> <span class='ocrx_word' id='word_1_72' title='bbox 977 609 1126 647; x_wconf 90' lang='lat' dir='ltr'>rectius</span> <span class='ocrx_word' id='word_1_73' title='bbox 1164 606 1359 657; x_wconf 86' lang='lat' dir='ltr'>stipendia</span> <span class='ocrx_word' id='word_1_74' title='bbox 1397 605 1642 656; x_wconf 85' lang='lat' dir='ltr'>singulorum</span> <span class='ocrx_word' id='word_1_75' title='bbox 1673 616 1760 656; x_wconf 89' lang='lat' dir='ltr'>spe·</span> 
     </span>
     <span class='ocr_line' id='line_1_13' title="bbox 199 664 1758 724; baseline -0.005 -14"><span class='ocrx_word' id='word_1_76' title='bbox 199 677 340 724; x_wconf 87' lang='lat' dir='ltr'>ctaret,</span> <span class='ocrx_word' id='word_1_77' title='bbox 380 672 461 710; x_wconf 89' lang='lat' dir='ltr'>suis</span> <span class='ocrx_word' id='word_1_78' title='bbox 494 682 583 708; x_wconf 88' lang='lat' dir='ltr'>cum</span> <span class='ocrx_word' id='word_1_79' title='bbox 621 667 843 719; x_wconf 85' lang='lat' dir='ltr'>insignibus</span> <span class='ocrx_word' id='word_1_80' title='bbox 885 669 1081 718; x_wconf 89' lang='lat' dir='ltr'>armisque</span> <span class='ocrx_word' id='word_1_81' title='bbox 1120 667 1290 704; x_wconf 90' lang='lat' dir='ltr'>victores</span> <span class='ocrx_word' id='word_1_82' title='bbox 1331 665 1554 716; x_wconf 87' lang='lat' dir='ltr'>constituit,</span> <span class='ocrx_word' id='word_1_83' title='bbox 1593 664 1758 702; x_wconf 87' lang='lat' dir='ltr'>modicis</span> 
     </span>
    </p>
   </div>
   <div class='ocr_carea' id='block_1_7' title="bbox 200 729 800 781">
    <p class='ocr_par' dir='ltr' id='par_1_8' title="bbox 200 729 800 781">
     <span class='ocr_line' id='line_1_14' title="bbox 200 729 800 781; baseline -0.007 -12"><span class='ocrx_word' id='word_1_84' title='bbox 200 732 303 769; x_wconf 86' lang='lat' dir='ltr'>inter</span> <span class='ocrx_word' id='word_1_85' title='bbox 342 742 383 769; x_wconf 91' lang='lat' dir='ltr'>se</span> <span class='ocrx_word' id='word_1_86' title='bbox 422 730 558 781; x_wconf 88' lang='lat' dir='ltr'>spatiis</span> <span class='ocrx_word' id='word_1_87' title='bbox 596 729 800 767; x_wconf 85' lang='lat' dir='ltr'>discretos.</span> 
     </span>
    </p>
   </div>
   <div class='ocr_carea' id='block_1_8' title="bbox 862 722 1759 776">
    <p class='ocr_par' dir='ltr' id='par_1_9' title="bbox 862 722 1759 776">
     <span class='ocr_line' id='line_1_15' title="bbox 862 722 1759 776; baseline -0.006 -11"><span class='ocrx_word' id='word_1_88' title='bbox 862 732 945 765; x_wconf 90' lang='lat' dir='ltr'>tum</span> <span class='ocrx_word' id='word_1_89' title='bbox 985 725 1197 776; x_wconf 88' lang='lat' dir='ltr'>Vitelliani,</span> <span class='ocrx_word' id='word_1_90' title='bbox 1238 737 1337 776; x_wconf 89' lang='lat' dir='ltr'>quos</span> <span class='ocrx_word' id='word_1_91' title='bbox 1375 724 1479 775; x_wconf 90' lang='lat' dir='ltr'>apud</span> <span class='ocrx_word' id='word_1_92' title='bbox 1518 722 1685 762; x_wconf 87' lang='lat' dir='ltr'>Bovillas</span> <span class='ocrx_word' id='word_1_93' title='bbox 1718 724 1759 761; x_wconf 92' lang='lat' dir='ltr'>in</span> 
     </span>
    </p>
   </div>
   <div class='ocr_carea' id='block_1_9' title="bbox 148 781 1764 1254">
    <p class='ocr_par' dir='ltr' id='par_1_10' title="bbox 148 781 1764 1254">
     <span class='ocr_line' id='line_1_16' title="bbox 201 781 1761 838; baseline -0.006 -9"><span class='ocrx_word' id='word_1_94' title='bbox 201 789 442 828; x_wconf 89' lang='lat' dir='ltr'>deditionem</span> <span class='ocrx_word' id='word_1_95' title='bbox 486 794 668 838; x_wconf 87' lang='lat' dir='ltr'>acceptos</span> <span class='ocrx_word' id='word_1_96' title='bbox 714 787 1032 837; x_wconf 80' lang='lat' dir='ltr'>memoravimus,</span> <span class='ocrx_word' id='word_1_97' title='bbox 1074 785 1277 834; x_wconf 88' lang='lat' dir='ltr'>ceterique</span> <span class='ocrx_word' id='word_1_98' title='bbox 1314 795 1386 834; x_wconf 91' lang='lat' dir='ltr'>per</span> <span class='ocrx_word' id='word_1_99' title='bbox 1423 782 1563 822; x_wconf 91' lang='lat' dir='ltr'>urbem</span> <span class='ocrx_word' id='word_1_100' title='bbox 1601 787 1640 820; x_wconf 87' lang='lat' dir='ltr'>et</span> <span class='ocrx_word' id='word_1_101' title='bbox 1670 781 1761 820; x_wconf 91' lang='lat' dir='ltr'>urbi</span> 
     </span>
     <span class='ocr_line' id='line_1_17' title="bbox 150 840 1760 898; baseline -0.004 -13"><span class='ocrx_word' id='word_1_102' title='bbox 150 860 184 886; x_wconf 80' lang='grc' dir='ltr'>ιο</span> <span class='ocrx_word' id='word_1_103' title='bbox 203 850 327 887; x_wconf 89' lang='lat' dir='ltr'>vicina</span> <span class='ocrx_word' id='word_1_104' title='bbox 361 848 575 898; x_wconf 84' lang='lat' dir='ltr'>conquisiti</span> <span class='ocrx_word' id='word_1_105' title='bbox 607 846 880 898; x_wconf 86' lang='lat' dir='ltr'>producuntur</span> <span class='ocrx_word' id='word_1_106' title='bbox 912 856 1034 896; x_wconf 87' lang='lat' dir='ltr'>prope</span> <span class='ocrx_word' id='word_1_107' title='bbox 1067 845 1213 882; x_wconf 76' lang='lat' dir='ltr'>intecto</span> <span class='ocrx_word' id='word_1_108' title='bbox 1240 854 1417 893; x_wconf 86' lang='lat' dir='ltr'>corpore.</span> <span class='ocrx_word' id='word_1_109' title='bbox 1463 853 1530 880; x_wconf 87' lang='lat' dir='ltr'>eos</span> <span class='ocrx_word' id='word_1_110' title='bbox 1556 840 1760 880; x_wconf 84' lang='lat' dir='ltr'>Mucianus</span> 
     </span>
     <span class='ocr_line' id='line_1_18' title="bbox 202 899 1760 954; baseline -0.006 -8"><span class='ocrx_word' id='word_1_111' title='bbox 202 908 336 946; x_wconf 89' lang='lat' dir='ltr'>diduci</span> <span class='ocrx_word' id='word_1_112' title='bbox 374 912 412 945; x_wconf 90' lang='lat' dir='ltr'>et</span> <span class='ocrx_word' id='word_1_113' title='bbox 444 906 721 945; x_wconf 85' lang='lat' dir='ltr'>Germanicum</span> <span class='ocrx_word' id='word_1_114' title='bbox 752 904 1101 954; x_wconf 86' lang='lat' dir='ltr'>Britannicumque</span> <span class='ocrx_word' id='word_1_115' title='bbox 1135 901 1314 954; x_wconf 88' lang='lat' dir='ltr'>militem,</span> <span class='ocrx_word' id='word_1_116' title='bbox 1354 913 1398 940; x_wconf 89' lang='lat' dir='ltr'>ac</span> <span class='ocrx_word' id='word_1_117' title='bbox 1431 902 1463 939; x_wconf 90' lang='lat' dir='ltr'>si</span> <span class='ocrx_word' id='word_1_118' title='bbox 1496 901 1564 952; x_wconf 91' lang='lat' dir='ltr'>qui</span> <span class='ocrx_word' id='word_1_119' title='bbox 1595 899 1760 938; x_wconf 91' lang='lat' dir='ltr'>aliorum</span> 
     </span>
     <span class='ocr_line' id='line_1_19' title="bbox 202 959 1762 1017; baseline -0.005 -12"><span class='ocrx_word' id='word_1_120' title='bbox 202 968 465 1017; x_wconf 81' lang='lat' dir='ltr'>exercituum,</span> <span class='ocrx_word' id='word_1_121' title='bbox 499 966 709 1016; x_wconf 88' lang='lat' dir='ltr'>separatim</span> <span class='ocrx_word' id='word_1_122' title='bbox 736 963 925 1002; x_wconf 87' lang='lat' dir='ltr'>adsistere</span> <span class='ocrx_word' id='word_1_123' title='bbox 946 962 1066 1001; x_wconf 87' lang='lat' dir='ltr'>iubet.</span> <span class='ocrx_word' id='word_1_124' title='bbox 1110 961 1197 999; x_wconf 81' lang='lat' dir='ltr'>illos</span> <span class='ocrx_word' id='word_1_125' title='bbox 1223 962 1375 1012; x_wconf 90' lang='lat' dir='ltr'>primus</span> <span class='ocrx_word' id='word_1_126' title='bbox 1399 961 1530 998; x_wconf 86' lang='lat' dir='ltr'>statim</span> <span class='ocrx_word' id='word_1_127' title='bbox 1552 959 1762 1010; x_wconf 85' lang='lat' dir='ltr'>adspectus</span> 
     </span>
     <span class='ocr_line' id='line_1_20' title="bbox 202 1019 1762 1077; baseline -0.006 -12"><span class='ocrx_word' id='word_1_128' title='bbox 202 1025 537 1077; x_wconf 85' lang='lat' dir='ltr'>obstupefecerat,</span> <span class='ocrx_word' id='word_1_129' title='bbox 570 1036 661 1062; x_wconf 88' lang='lat' dir='ltr'>cum</span> <span class='ocrx_word' id='word_1_130' title='bbox 693 1035 739 1061; x_wconf 85' lang='lat' dir='ltr'>ex</span> <span class='ocrx_word' id='word_1_131' title='bbox 772 1022 926 1061; x_wconf 91' lang='lat' dir='ltr'>diverso</span> <span class='ocrx_word' id='word_1_132' title='bbox 960 1021 1064 1060; x_wconf 90' lang='lat' dir='ltr'>velut</span> <span class='ocrx_word' id='word_1_133' title='bbox 1097 1022 1220 1059; x_wconf 91' lang='lat' dir='ltr'>aciem</span> <span class='ocrx_word' id='word_1_134' title='bbox 1255 1020 1344 1059; x_wconf 91' lang='lat' dir='ltr'>telis</span> <span class='ocrx_word' id='word_1_135' title='bbox 1377 1025 1417 1058; x_wconf 93' lang='lat' dir='ltr'>et</span> <span class='ocrx_word' id='word_1_136' title='bbox 1447 1019 1567 1057; x_wconf 91' lang='lat' dir='ltr'>armis</span> <span class='ocrx_word' id='word_1_137' title='bbox 1595 1024 1762 1069; x_wconf 88' lang='lat' dir='ltr'>trucem,</span> 
     </span>
     <span class='ocr_line' id='line_1_21' title="bbox 201 1079 1762 1134; baseline -0.006 -10"><span class='ocrx_word' id='word_1_138' title='bbox 201 1091 326 1124; x_wconf 89' lang='lat' dir='ltr'>semet</span> <span class='ocrx_word' id='word_1_139' title='bbox 357 1084 510 1124; x_wconf 89' lang='lat' dir='ltr'>clausos</span> <span class='ocrx_word' id='word_1_140' title='bbox 549 1083 755 1134; x_wconf 89' lang='lat' dir='ltr'>nudosque</span> <span class='ocrx_word' id='word_1_141' title='bbox 794 1087 833 1121; x_wconf 91' lang='lat' dir='ltr'>et</span> <span class='ocrx_word' id='word_1_142' title='bbox 875 1081 1020 1120; x_wconf 89' lang='lat' dir='ltr'>inluvie</span> <span class='ocrx_word' id='word_1_143' title='bbox 1065 1080 1261 1118; x_wconf 84' lang='lat' dir='ltr'>deformes</span> <span class='ocrx_word' id='word_1_144' title='bbox 1305 1079 1544 1129; x_wconf 87' lang='lat' dir='ltr'>aspicerent:</span> <span class='ocrx_word' id='word_1_145' title='bbox 1586 1083 1629 1116; x_wconf 89' lang='lat' dir='ltr'>ut</span> <span class='ocrx_word' id='word_1_146' title='bbox 1668 1088 1762 1115; x_wconf 89' lang='lat' dir='ltr'>vero</span> 
     </span>
     <span class='ocr_line' id='line_1_22' title="bbox 148 1136 1764 1193; baseline -0.006 -10"><span class='ocrx_word' id='word_1_147' title='bbox 148 1155 183 1182; x_wconf 86' lang='lat'>15</span> <span class='ocrx_word' id='word_1_148' title='bbox 202 1144 280 1183; x_wconf 88' lang='lat' dir='ltr'>huc</span> <span class='ocrx_word' id='word_1_149' title='bbox 312 1143 406 1183; x_wconf 90' lang='lat' dir='ltr'>illuc</span> <span class='ocrx_word' id='word_1_150' title='bbox 433 1142 598 1182; x_wconf 89' lang='lat' dir='ltr'>distrahi</span> <span class='ocrx_word' id='word_1_151' title='bbox 625 1153 808 1193; x_wconf 88' lang='lat' dir='ltr'>coepere,</span> <span class='ocrx_word' id='word_1_152' title='bbox 835 1145 964 1179; x_wconf 90' lang='lat' dir='ltr'>metus</span> <span class='ocrx_word' id='word_1_153' title='bbox 990 1151 1061 1191; x_wconf 91' lang='lat' dir='ltr'>per</span> <span class='ocrx_word' id='word_1_154' title='bbox 1087 1151 1223 1177; x_wconf 88' lang='lat' dir='ltr'>omnes</span> <span class='ocrx_word' id='word_1_155' title='bbox 1249 1143 1289 1177; x_wconf 91' lang='lat' dir='ltr'>et</span> <span class='ocrx_word' id='word_1_156' title='bbox 1308 1138 1519 1189; x_wconf 86' lang='lat' dir='ltr'>praecipua</span> <span class='ocrx_word' id='word_1_157' title='bbox 1539 1136 1764 1175; x_wconf 86' lang='lat' dir='ltr'>Germanici</span> 
     </span>
     <span class='ocr_line' id='line_1_23' title="bbox 201 1196 1761 1254; baseline -0.006 -11"><span class='ocrx_word' id='word_1_158' title='bbox 201 1203 337 1243; x_wconf 89' lang='lat' dir='ltr'>militis</span> <span class='ocrx_word' id='word_1_159' title='bbox 376 1202 562 1254; x_wconf 86' lang='lat' dir='ltr'>formido,</span> <span class='ocrx_word' id='word_1_160' title='bbox 598 1206 797 1252; x_wconf 85' lang='lat' dir='ltr'>tamquam</span> <span class='ocrx_word' id='word_1_161' title='bbox 835 1212 880 1238; x_wconf 89' lang='lat' dir='ltr'>ea</span> <span class='ocrx_word' id='word_1_162' title='bbox 918 1199 1163 1250; x_wconf 86' lang='lat' dir='ltr'>separatione</span> <span class='ocrx_word' id='word_1_163' title='bbox 1201 1197 1249 1236; x_wconf 91' lang='lat' dir='ltr'>ad</span> <span class='ocrx_word' id='word_1_164' title='bbox 1287 1196 1446 1236; x_wconf 89' lang='lat' dir='ltr'>caedem</span> <span class='ocrx_word' id='word_1_165' title='bbox 1484 1196 1761 1235; x_wconf 88' lang='lat' dir='ltr'>destinaretur.</span> 
     </span>
    </p>
   </div>
   <div class='ocr_carea' id='block_1_10' title="bbox 200 1348 951 2909">
    <p class='ocr_par' dir='ltr' id='par_1_11' title="bbox 200 1348 951 2484">
     <span class='ocr_line' id='line_1_24' title="bbox 249 1348 945 1394; baseline -0.007 -7"><span class='ocrx_word' id='word_1_166' title='bbox 249 1357 303 1388; x_wconf 93' lang='lat'>10.</span> <span class='ocrx_word' id='word_1_167' title='bbox 325 1354 434 1387; x_wconf 73' lang='lat' dir='ltr'>eoeilio</span> <span class='ocrx_word' id='word_1_168' title='bbox 454 1353 629 1387; x_wconf 75' lang='lat' dir='ltr'>damnwre</span> <span class='ocrx_word' id='word_1_169' title='bbox 646 1349 743 1385; x_wconf 81' lang='lat' dir='ltr'>nach</span> <span class='ocrx_word' id='word_1_170' title='bbox 762 1348 945 1394; x_wconf 82' lang='lat' dir='ltr'>Analogie</span> 
     </span>
     <span class='ocr_line' id='line_1_25' title="bbox 202 1396 945 1446; baseline -0.007 -10"><span class='ocrx_word' id='word_1_171' title='bbox 202 1412 275 1436; x_wconf 86' lang='lat' dir='ltr'>von</span> <span class='ocrx_word' id='word_1_172' title='bbox 301 1401 418 1446; x_wconf 79' lang='lat' dir='ltr'>capite</span> <span class='ocrx_word' id='word_1_173' title='bbox 438 1401 472 1435; x_wconf 82' lang='lat' dir='ltr'>d.</span> <span class='ocrx_word' id='word_1_174' title='bbox 495 1398 582 1443; x_wconf 84' lang='lat' dir='ltr'>(Cic.</span> <span class='ocrx_word' id='word_1_175' title='bbox 603 1397 708 1433; x_wconf 77' lang='lat' dir='ltr'>Tusc.</span> <span class='ocrx_word' id='word_1_176' title='bbox 734 1396 751 1430; x_wconf 88' lang='grc' dir='ltr'>Ι</span> <span class='ocrx_word' id='word_1_177' title='bbox 771 1401 789 1439; x_wconf 67' lang='grc' dir='ltr'>ξ</span> <span class='ocrx_word' id='word_1_178' title='bbox 810 1400 865 1431; x_wconf 86' lang='grc'>50.</span> <span class='ocrx_word' id='word_1_179' title='bbox 887 1399 945 1439; x_wconf 85' lang='grc'>98)</span> 
     </span>
     <span class='ocr_line' id='line_1_26' title="bbox 200 1444 946 1490; baseline -0.007 -8"><span class='ocrx_word' id='word_1_180' title='bbox 200 1448 294 1482; x_wconf 65' lang='lat' dir='ltr'>stati:</span> <span class='ocrx_word' id='word_1_181' title='bbox 324 1448 433 1482; x_wconf 69' lang='lat' dir='ltr'>exilio</span> <span class='ocrx_word' id='word_1_182' title='bbox 465 1447 619 1481; x_wconf 77' lang='lat' dir='ltr'>multare</span> <span class='ocrx_word' id='word_1_183' title='bbox 653 1444 709 1490; x_wconf 91' lang='lat' dir='ltr'>(A.</span> <span class='ocrx_word' id='word_1_184' title='bbox 743 1444 843 1487; x_wconf 87' lang='lat' dir='ltr'>XIV,</span> <span class='ocrx_word' id='word_1_185' title='bbox 878 1447 946 1486; x_wconf 81' lang='lat'>17).</span> 
     </span>
     <span class='ocr_line' id='line_1_27' title="bbox 202 1492 950 1539; baseline -0.007 -10"><span class='ocrx_word' id='word_1_186' title='bbox 202 1494 250 1529; x_wconf 88' lang='lat' dir='ltr'>So</span> <span class='ocrx_word' id='word_1_187' title='bbox 277 1496 361 1539; x_wconf 75' lang='lat' dir='ltr'>sagt</span> <span class='ocrx_word' id='word_1_188' title='bbox 387 1494 501 1529; x_wconf 85' lang='lat' dir='ltr'>sehon</span> <span class='ocrx_word' id='word_1_189' title='bbox 522 1493 600 1528; x_wconf 84' lang='lat' dir='ltr'>Liv.</span> <span class='ocrx_word' id='word_1_190' title='bbox 622 1492 666 1536; x_wconf 84' lang='lat' dir='ltr'>X,</span> <span class='ocrx_word' id='word_1_191' title='bbox 690 1497 707 1526; x_wconf 91' lang='lat'>1</span> <span class='ocrx_word' id='word_1_192' title='bbox 730 1492 950 1526; x_wconf 74' lang='lat' dir='ltr'>Frusinates</span> 
     </span>
     <span class='ocr_line' id='line_1_28' title="bbox 200 1538 951 1587; baseline -0.008 -10"><span class='ocrx_word' id='word_1_193' title='bbox 200 1542 309 1577; x_wconf 77' lang='lat' dir='ltr'>tertia</span> <span class='ocrx_word' id='word_1_194' title='bbox 353 1545 460 1587; x_wconf 78' lang='lat' dir='ltr'>parte</span> <span class='ocrx_word' id='word_1_195' title='bbox 510 1541 594 1586; x_wconf 74' lang='lat' dir='ltr'>ayri</span> <span class='ocrx_word' id='word_1_196' title='bbox 641 1539 810 1574; x_wconf 79' lang='lat' dir='ltr'>damnati</span> <span class='ocrx_word' id='word_1_197' title='bbox 859 1538 951 1572; x_wconf 72' lang='lat' dir='ltr'>statt</span> 
     </span>
     <span class='ocr_line' id='line_1_29' title="bbox 201 1585 949 1632; baseline -0.009 -7"><span class='ocrx_word' id='word_1_198' title='bbox 201 1590 358 1625; x_wconf 78' lang='lat' dir='ltr'>multati.</span> <span class='ocrx_word' id='word_1_199' title='bbox 390 1588 501 1624; x_wconf 76' lang='lat' dir='ltr'>Sonst</span> <span class='ocrx_word' id='word_1_200' title='bbox 521 1586 726 1632; x_wconf 76' lang='lat' dir='ltr'>gebraucht</span> <span class='ocrx_word' id='word_1_201' title='bbox 747 1586 832 1620; x_wconf 86' lang='lat' dir='ltr'>Tac.</span> <span class='ocrx_word' id='word_1_202' title='bbox 854 1585 949 1620; x_wconf 80' lang='lat' dir='ltr'>auch</span> 
     </span>
     <span class='ocr_line' id='line_1_30' title="bbox 201 1633 950 1677; baseline -0.007 -6"><span class='ocrx_word' id='word_1_203' title='bbox 201 1637 251 1671; x_wconf 81' lang='lat' dir='ltr'>ad</span> <span class='ocrx_word' id='word_1_204' title='bbox 287 1637 357 1670; x_wconf 39' lang='lat' dir='ltr'>wis</span> <span class='ocrx_word' id='word_1_205' title='bbox 396 1636 436 1670; x_wconf 79' lang='lat' dir='ltr'>A.</span> <span class='ocrx_word' id='word_1_206' title='bbox 476 1635 543 1677; x_wconf 90' lang='lat' dir='ltr'>VI,</span> <span class='ocrx_word' id='word_1_207' title='bbox 585 1638 629 1669; x_wconf 83' lang='lat'>38</span> <span class='ocrx_word' id='word_1_208' title='bbox 667 1637 863 1674; x_wconf 67' lang='lat' dir='ltr'>eziremum</span> <span class='ocrx_word' id='word_1_209' title='bbox 901 1633 950 1667; x_wconf 80' lang='lat' dir='ltr'>ad</span> 
     </span>
     <span class='ocr_line' id='line_1_31' title="bbox 202 1680 950 1728; baseline -0.008 -9"><span class='ocrx_word' id='word_1_210' title='bbox 202 1684 426 1728; x_wconf 64' lang='lat' dir='ltr'>supplic-mm</span> <span class='ocrx_word' id='word_1_211' title='bbox 451 1684 666 1722; x_wconf 79' lang='lat' dir='ltr'>damnatus;</span> <span class='ocrx_word' id='word_1_212' title='bbox 701 1680 803 1723; x_wconf 86' lang='lat' dir='ltr'>XVI,</span> <span class='ocrx_word' id='word_1_213' title='bbox 830 1683 872 1714; x_wconf 90' lang='lat'>21</span> <span class='ocrx_word' id='word_1_214' title='bbox 901 1680 950 1714; x_wconf 80' lang='lat' dir='ltr'>ad</span> 
     </span>
     <span class='ocr_line' id='line_1_32' title="bbox 200 1727 950 1767; baseline -0.009 0"><span class='ocrx_word' id='word_1_215' title='bbox 200 1734 347 1767; x_wconf 74' lang='lat' dir='ltr'>mortem</span> <span class='ocrx_word' id='word_1_216' title='bbox 360 1730 617 1766; x_wconf 71' lang='lat' dir='ltr'>damnabatur.</span> <span class='ocrx_word' id='word_1_217' title='bbox 645 1729 766 1762; x_wconf 85' lang='lat' dir='ltr'>Wenn</span> <span class='ocrx_word' id='word_1_218' title='bbox 780 1727 950 1762; x_wconf 79' lang='lat' dir='ltr'>Flamma</span> 
     </span>
     <span class='ocr_line' id='line_1_33' title="bbox 201 1774 949 1817; baseline -0.007 -4"><span class='ocrx_word' id='word_1_219' title='bbox 201 1779 257 1813; x_wconf 82' lang='lat' dir='ltr'>als</span> <span class='ocrx_word' id='word_1_220' title='bbox 289 1777 495 1813; x_wconf 87' lang='lat' dir='ltr'>Prokonsul</span> <span class='ocrx_word' id='word_1_221' title='bbox 530 1787 602 1811; x_wconf 91' lang='lat' dir='ltr'>von</span> <span class='ocrx_word' id='word_1_222' title='bbox 634 1774 760 1817; x_wconf 81' lang='lat' dir='ltr'>Creta,</span> <span class='ocrx_word' id='word_1_223' title='bbox 795 1787 836 1808; x_wconf 83' lang='lat' dir='ltr'>zu</span> <span class='ocrx_word' id='word_1_224' title='bbox 863 1774 949 1808; x_wconf 88' lang='lat' dir='ltr'>wel-</span> 
     </span>
     <span class='ocr_line' id='line_1_34' title="bbox 201 1822 947 1868; baseline -0.007 -8"><span class='ocrx_word' id='word_1_225' title='bbox 201 1826 287 1860; x_wconf 86' lang='lat' dir='ltr'>cher</span> <span class='ocrx_word' id='word_1_226' title='bbox 312 1825 468 1860; x_wconf 87' lang='lat' dir='ltr'>Provinz</span> <span class='ocrx_word' id='word_1_227' title='bbox 494 1823 634 1868; x_wconf 83' lang='lat' dir='ltr'>Cyrene</span> <span class='ocrx_word' id='word_1_228' title='bbox 667 1823 822 1868; x_wconf 71' lang='lat' dir='ltr'>gehorte</span> <span class='ocrx_word' id='word_1_229' title='bbox 858 1822 947 1867; x_wconf 75' lang='lat' dir='ltr'>(Str.</span> 
     </span>
     <span class='ocr_line' id='line_1_35' title="bbox 200 1869 949 1916; baseline -0.007 -9"><span class='ocrx_word' id='word_1_230' title='bbox 200 1872 320 1916; x_wconf 89' lang='lat' dir='ltr'>XVII,</span> <span class='ocrx_word' id='word_1_231' title='bbox 354 1877 392 1916; x_wconf 89' lang='lat'>3,</span> <span class='ocrx_word' id='word_1_232' title='bbox 424 1873 485 1916; x_wconf 95' lang='lat'>21)</span> <span class='ocrx_word' id='word_1_233' title='bbox 518 1871 595 1905; x_wconf 82' lang='lat' dir='ltr'>sich</span> <span class='ocrx_word' id='word_1_234' title='bbox 628 1870 734 1905; x_wconf 75' lang='lat' dir='ltr'>nieht</span> <span class='ocrx_word' id='word_1_235' title='bbox 766 1881 828 1903; x_wconf 87' lang='lat' dir='ltr'>zur</span> <span class='ocrx_word' id='word_1_236' title='bbox 859 1869 949 1903; x_wconf 86' lang='lat' dir='ltr'>Ver-</span> 
     </span>
     <span class='ocr_line' id='line_1_36' title="bbox 200 1916 949 1965; baseline -0.007 -10"><span class='ocrx_word' id='word_1_237' title='bbox 200 1921 381 1965; x_wconf 73' lang='lat' dir='ltr'>h&#39;angung</span> <span class='ocrx_word' id='word_1_238' title='bbox 424 1930 498 1954; x_wconf 88' lang='lat' dir='ltr'>von</span> <span class='ocrx_word' id='word_1_239' title='bbox 536 1916 801 1952; x_wconf 77' lang='lat' dir='ltr'>Todesstrafen</span> <span class='ocrx_word' id='word_1_240' title='bbox 842 1916 949 1950; x_wconf 63' lang='lat' dir='ltr'>hatte</span> 
     </span>
     <span class='ocr_line' id='line_1_37' title="bbox 201 1963 949 2009; baseline -0.005 -8"><span class='ocrx_word' id='word_1_241' title='bbox 201 1967 403 2002; x_wconf 82' lang='lat' dir='ltr'>bestechen</span> <span class='ocrx_word' id='word_1_242' title='bbox 429 1967 561 2009; x_wconf 81' lang='lat' dir='ltr'>lassen,</span> <span class='ocrx_word' id='word_1_243' title='bbox 589 1976 628 2000; x_wconf 86' lang='lat' dir='ltr'>so</span> <span class='ocrx_word' id='word_1_244' title='bbox 654 1964 779 1999; x_wconf 71' lang='lat' dir='ltr'>wiirde</span> <span class='ocrx_word' id='word_1_245' title='bbox 801 1964 860 1998; x_wconf 87' lang='lat' dir='ltr'>die</span> <span class='ocrx_word' id='word_1_246' title='bbox 881 1963 949 1997; x_wconf 88' lang='lat' dir='ltr'>Re-</span> 
     </span>
     <span class='ocr_line' id='line_1_38' title="bbox 202 2010 947 2060; baseline -0.007 -11"><span class='ocrx_word' id='word_1_247' title='bbox 202 2014 504 2060; x_wconf 78' lang='lat' dir='ltr'>petundenklage</span> <span class='ocrx_word' id='word_1_248' title='bbox 526 2024 572 2047; x_wconf 82' lang='lat' dir='ltr'>an</span> <span class='ocrx_word' id='word_1_249' title='bbox 593 2013 658 2046; x_wconf 84' lang='lat' dir='ltr'>das</span> <span class='ocrx_word' id='word_1_250' title='bbox 679 2010 947 2046; x_wconf 72' lang='lat' dir='ltr'>Richterkolle-</span> 
     </span>
     <span class='ocr_line' id='line_1_39' title="bbox 201 2058 949 2107; baseline -0.007 -10"><span class='ocrx_word' id='word_1_251' title='bbox 201 2062 303 2107; x_wconf 84' lang='lat' dir='ltr'>gium</span> <span class='ocrx_word' id='word_1_252' title='bbox 330 2062 395 2096; x_wconf 88' lang='lat' dir='ltr'>der</span> <span class='ocrx_word' id='word_1_253' title='bbox 415 2060 719 2105; x_wconf 71' lang='lat' dir='ltr'>Rekuperatoren</span> <span class='ocrx_word' id='word_1_254' title='bbox 745 2058 949 2093; x_wconf 80' lang='lat' dir='ltr'>verwiesen</span> 
     </span>
     <span class='ocr_line' id='line_1_40' title="bbox 202 2105 948 2154; baseline -0.007 -11"><span class='ocrx_word' id='word_1_255' title='bbox 202 2109 300 2154; x_wconf 87' lang='lat' dir='ltr'>sein,</span> <span class='ocrx_word' id='word_1_256' title='bbox 337 2110 401 2143; x_wconf 86' lang='lat' dir='ltr'>der</span> <span class='ocrx_word' id='word_1_257' title='bbox 433 2107 579 2142; x_wconf 86' lang='lat' dir='ltr'>Prozess</span> <span class='ocrx_word' id='word_1_258' title='bbox 618 2105 714 2141; x_wconf 86' lang='lat' dir='ltr'>bloss</span> <span class='ocrx_word' id='word_1_259' title='bbox 754 2105 821 2139; x_wconf 83' lang='lat' dir='ltr'>auf</span> <span class='ocrx_word' id='word_1_260' title='bbox 856 2105 948 2139; x_wconf 90' lang='lat' dir='ltr'>vier—</span> 
     </span>
     <span class='ocr_line' id='line_1_41' title="bbox 203 2152 947 2198; baseline -0.005 -8"><span class='ocrx_word' id='word_1_261' title='bbox 203 2156 342 2191; x_wconf 79' lang='lat' dir='ltr'>fachen</span> <span class='ocrx_word' id='word_1_262' title='bbox 363 2156 492 2190; x_wconf 75' lang='lat' dir='ltr'>Ersatz</span> <span class='ocrx_word' id='word_1_263' title='bbox 512 2155 576 2189; x_wconf 88' lang='lat' dir='ltr'>der</span> <span class='ocrx_word' id='word_1_264' title='bbox 591 2152 795 2198; x_wconf 78' lang='lat' dir='ltr'>etpressten</span> <span class='ocrx_word' id='word_1_265' title='bbox 811 2152 947 2187; x_wconf 86' lang='lat' dir='ltr'>Gelder</span> 
     </span>
     <span class='ocr_line' id='line_1_42' title="bbox 204 2214 948 2294; baseline -0.007 -8"><span class='ocrx_word' id='word_1_266' title='bbox 204 2214 398 2286; x_wconf 50' lang='grc' dir='ltr'>ἕθέῗίῗὲῗι</span> <span class='ocrx_word' id='word_1_267' title='bbox 430 2214 533 2285; x_wconf 45' lang='lat' dir='ltr'>{reiltteli‘</span> <span class='ocrx_word' id='word_1_268' title='bbox 570 2249 677 2294; x_wconf 76' lang='lat' dir='ltr'>quae]</span> <span class='ocrx_word' id='word_1_269' title='bbox 718 2247 789 2282; x_wconf 80' lang='lat' dir='ltr'>seit</span> <span class='ocrx_word' id='word_1_270' title='bbox 820 2246 948 2281; x_wconf 77' lang='lat' dir='ltr'>Livius</span> 
     </span>
     <span class='ocr_line' id='line_1_43' title="bbox 203 2294 947 2341; baseline -0.007 -8"><span class='ocrx_word' id='word_1_271' title='bbox 203 2299 294 2333; x_wconf 56' lang='lat' dir='ltr'>stati,</span> <span class='ocrx_word' id='word_1_272' title='bbox 306 2299 459 2341; x_wconf 79' lang='lat' dir='ltr'>interea3</span> <span class='ocrx_word' id='word_1_273' title='bbox 479 2297 612 2331; x_wconf 79' lang='lat' dir='ltr'>ebenso</span> <span class='ocrx_word' id='word_1_274' title='bbox 628 2296 762 2339; x_wconf 82' lang='lat' dir='ltr'>I‚78,5.</span> <span class='ocrx_word' id='word_1_275' title='bbox 780 2294 947 2337; x_wconf 79' lang='lat' dir='ltr'>IV‚49‚9.</span> 
     </span>
     <span class='ocr_line' id='line_1_44' title="bbox 202 2341 948 2389; baseline -0.007 -10"><span class='ocrx_word' id='word_1_276' title='bbox 202 2346 246 2389; x_wconf 78' lang='lat' dir='ltr'>V,</span> <span class='ocrx_word' id='word_1_277' title='bbox 275 2349 330 2388; x_wconf 87' lang='lat'>18,</span> <span class='ocrx_word' id='word_1_278' title='bbox 357 2349 377 2380; x_wconf 78' lang='lat'><strong>7</strong></span> <span class='ocrx_word' id='word_1_279' title='bbox 403 2345 478 2380; x_wconf 81' lang='lat' dir='ltr'>und</span> <span class='ocrx_word' id='word_1_280' title='bbox 506 2342 787 2378; x_wconf 71' lang='lat' dir='ltr'>sechszehnmal</span> <span class='ocrx_word' id='word_1_281' title='bbox 812 2341 851 2375; x_wconf 88' lang='lat' dir='ltr'>in</span> <span class='ocrx_word' id='word_1_282' title='bbox 878 2341 948 2374; x_wconf 86' lang='lat' dir='ltr'>den</span> 
     </span>
     <span class='ocr_line' id='line_1_45' title="bbox 203 2388 949 2435; baseline -0.009 -7"><span class='ocrx_word' id='word_1_283' title='bbox 203 2394 384 2428; x_wconf 85' lang='lat' dir='ltr'>Annalen.</span> <span class='ocrx_word' id='word_1_284' title='bbox 446 2392 593 2426; x_wconf 87' lang='lat' dir='ltr'>Ebenso</span> <span class='ocrx_word' id='word_1_285' title='bbox 634 2394 717 2435; x_wconf 75' lang='lat' dir='ltr'>post</span> <span class='ocrx_word' id='word_1_286' title='bbox 761 2399 853 2434; x_wconf 78' lang='lat' dir='ltr'>quae</span> <span class='ocrx_word' id='word_1_287' title='bbox 890 2388 949 2422; x_wconf 76' lang='lat' dir='ltr'>fiir</span> 
     </span>
     <span class='ocr_line' id='line_1_46' title="bbox 202 2439 687 2484; baseline -0.008 -8"><span class='ocrx_word' id='word_1_288' title='bbox 202 2444 348 2484; x_wconf 75' lang='lat' dir='ltr'>postea‚·</span> <span class='ocrx_word' id='word_1_289' title='bbox 374 2454 400 2475; x_wconf 82' lang='lat' dir='ltr'>s.</span> <span class='ocrx_word' id='word_1_290' title='bbox 429 2451 471 2474; x_wconf 83' lang='lat' dir='ltr'>zu</span> <span class='ocrx_word' id='word_1_291' title='bbox 498 2439 542 2481; x_wconf 91' lang='lat' dir='ltr'>II,</span> <span class='ocrx_word' id='word_1_292' title='bbox 570 2442 627 2482; x_wconf 86' lang='lat'>49,</span> <span class='ocrx_word' id='word_1_293' title='bbox 657 2441 687 2473; x_wconf 92' lang='lat'>1.</span> 
     </span>
    </p>

    <p class='ocr_par' dir='ltr' id='par_1_12' title="bbox 252 2483 948 2532">
     <span class='ocr_line' id='line_1_47' title="bbox 252 2483 948 2532; baseline -0.006 -11"><span class='ocrx_word' id='word_1_294' title='bbox 252 2491 285 2521; x_wconf 92' lang='lat'>2.</span> <span class='ocrx_word' id='word_1_295' title='bbox 320 2487 479 2532; x_wconf 70' lang='lat' dir='ltr'>dimissi]</span> <span class='ocrx_word' id='word_1_296' title='bbox 506 2486 600 2521; x_wconf 84' lang='lat' dir='ltr'>nach</span> <span class='ocrx_word' id='word_1_297' title='bbox 627 2485 745 2520; x_wconf 80' lang='lat' dir='ltr'>Othos</span> <span class='ocrx_word' id='word_1_298' title='bbox 771 2483 895 2526; x_wconf 79' lang='lat' dir='ltr'>Tode3</span> <span class='ocrx_word' id='word_1_299' title='bbox 922 2495 948 2518; x_wconf 79' lang='lat' dir='ltr'>s.</span> 
     </span>
    </p>

    <p class='ocr_par' dir='ltr' id='par_1_13' title="bbox 249 2579 947 2626">
     <span class='ocr_line' id='line_1_48' title="bbox 249 2579 947 2626; baseline -0.01 -9"><span class='ocrx_word' id='word_1_300' title='bbox 249 2592 319 2626; x_wconf 76' lang='lat' dir='ltr'>pro</span> <span class='ocrx_word' id='word_1_301' title='bbox 342 2581 580 2626; x_wconf 63' lang='lat' dir='ltr'>Vespasiano]</span> <span class='ocrx_word' id='word_1_302' title='bbox 598 2591 624 2614; x_wconf 76' lang='lat' dir='ltr'>s,</span> <span class='ocrx_word' id='word_1_303' title='bbox 641 2579 685 2623; x_wconf 90' lang='grc' dir='ltr'>ΙΙ,</span> <span class='ocrx_word' id='word_1_304' title='bbox 701 2583 757 2622; x_wconf 84' lang='grc'>67,</span> <span class='ocrx_word' id='word_1_305' title='bbox 772 2581 805 2612; x_wconf 89' lang='grc'>4.</span> <span class='ocrx_word' id='word_1_306' title='bbox 820 2581 876 2620; x_wconf 90' lang='lat'>82,</span> <span class='ocrx_word' id='word_1_307' title='bbox 894 2580 947 2611; x_wconf 84' lang='lat'>18.</span> 
     </span>
    </p>

    <p class='ocr_par' dir='ltr' id='par_1_14' title="bbox 207 2624 949 2909">
     <span class='ocr_line' id='line_1_49' title="bbox 255 2624 949 2673; baseline -0.009 -10"><span class='ocrx_word' id='word_1_308' title='bbox 255 2632 291 2663; x_wconf 91' lang='grc'>3.</span> <span class='ocrx_word' id='word_1_309' title='bbox 315 2630 355 2662; x_wconf 81' lang='lat' dir='ltr'>in</span> <span class='ocrx_word' id='word_1_310' title='bbox 381 2629 525 2663; x_wconf 77' lang='lat' dir='ltr'>eandem</span> <span class='ocrx_word' id='word_1_311' title='bbox 548 2627 659 2673; x_wconf 76' lang='lat' dir='ltr'>spem]</span> <span class='ocrx_word' id='word_1_312' title='bbox 680 2626 751 2660; x_wconf 74' lang='lat' dir='ltr'>mit</span> <span class='ocrx_word' id='word_1_313' title='bbox 771 2626 835 2660; x_wconf 91' lang='lat' dir='ltr'>der</span> <span class='ocrx_word' id='word_1_314' title='bbox 855 2624 949 2658; x_wconf 82' lang='lat' dir='ltr'>Aus-</span> 
     </span>
     <span class='ocr_line' id='line_1_50' title="bbox 208 2672 949 2719; baseline -0.008 -8"><span class='ocrx_word' id='word_1_315' title='bbox 208 2676 305 2711; x_wconf 76' lang='lat' dir='ltr'>sicht</span> <span class='ocrx_word' id='word_1_316' title='bbox 318 2675 384 2710; x_wconf 82' lang='lat' dir='ltr'>auf</span> <span class='ocrx_word' id='word_1_317' title='bbox 401 2676 470 2709; x_wconf 86' lang='lat' dir='ltr'>den</span> <span class='ocrx_word' id='word_1_318' title='bbox 493 2673 804 2719; x_wconf 65' lang='lat' dir='ltr'>cintriiglicheren</span> <span class='ocrx_word' id='word_1_319' title='bbox 819 2672 949 2706; x_wconf 81' lang='lat' dir='ltr'>Dienst</span> 
     </span>
     <span class='ocr_line' id='line_1_51' title="bbox 207 2719 948 2765; baseline -0.008 -7"><span class='ocrx_word' id='word_1_320' title='bbox 207 2723 261 2758; x_wconf 81' lang='lat' dir='ltr'>als</span> <span class='ocrx_word' id='word_1_321' title='bbox 284 2723 531 2765; x_wconf 68' lang='lat' dir='ltr'>Pratorianer,</span> <span class='ocrx_word' id='word_1_322' title='bbox 553 2722 611 2756; x_wconf 85' lang='lat' dir='ltr'>die</span> <span class='ocrx_word' id='word_1_323' title='bbox 632 2721 740 2755; x_wconf 91' lang='lat' dir='ltr'>einen</span> <span class='ocrx_word' id='word_1_324' title='bbox 759 2719 948 2765; x_wconf 69' lang='lat' dir='ltr'>t&#39;ziglichen</span> 
     </span>
     <span class='ocr_line' id='line_1_52' title="bbox 209 2768 948 2812; baseline -0.008 -7"><span class='ocrx_word' id='word_1_325' title='bbox 209 2771 297 2805; x_wconf 79' lang='lat' dir='ltr'>Sold</span> <span class='ocrx_word' id='word_1_326' title='bbox 332 2781 403 2805; x_wconf 89' lang='lat' dir='ltr'>von</span> <span class='ocrx_word' id='word_1_327' title='bbox 437 2774 458 2805; x_wconf 92' lang='lat'>2</span> <span class='ocrx_word' id='word_1_328' title='bbox 490 2769 659 2804; x_wconf 85' lang='lat' dir='ltr'>Denaren</span> <span class='ocrx_word' id='word_1_329' title='bbox 693 2770 729 2812; x_wconf 90' lang='grc'>(8</span> <span class='ocrx_word' id='word_1_330' title='bbox 756 2768 948 2802; x_wconf 79' lang='lat' dir='ltr'>Sesterzen</span> 
     </span>
     <span class='ocr_line' id='line_1_53' title="bbox 211 2808 947 2863; baseline -0.008 -11"><span class='ocrx_word' id='word_1_331' title='bbox 211 2836 254 2847; x_wconf 85' lang='lat'><strong><em>=</em></strong></span> <span class='ocrx_word' id='word_1_332' title='bbox 274 2819 336 2863; x_wconf 70' lang='lat' dir='ltr'>1¹s2</span> <span class='ocrx_word' id='word_1_333' title='bbox 373 2817 498 2860; x_wconf 79' lang='lat' dir='ltr'>Mark)</span> <span class='ocrx_word' id='word_1_334' title='bbox 531 2817 704 2860; x_wconf 82' lang='lat' dir='ltr'>bezogen.</span> <span class='ocrx_word' id='word_1_335' title='bbox 756 2808 855 2849; x_wconf 68' lang='lat' dir='ltr'>Uber</span> <span class='ocrx_word' id='word_1_336' title='bbox 888 2814 947 2847; x_wconf 88' lang='lat' dir='ltr'>die</span> 
     </span>
     <span class='ocr_line' id='line_1_54' title="bbox 211 2866 719 2909; baseline -0.006 -9"><span class='ocrx_word' id='word_1_337' title='bbox 211 2866 350 2909; x_wconf 72' lang='lat' dir='ltr'>syntax</span> <span class='ocrx_word' id='word_1_338' title='bbox 376 2866 450 2909; x_wconf 80' lang='lat' dir='ltr'>vgl.</span> <span class='ocrx_word' id='word_1_339' title='bbox 478 2877 519 2897; x_wconf 82' lang='lat' dir='ltr'>zu</span> <span class='ocrx_word' id='word_1_340' title='bbox 547 2875 575 2898; x_wconf 88' lang='lat' dir='ltr'>c.</span> <span class='ocrx_word' id='word_1_341' title='bbox 605 2868 660 2908; x_wconf 83' lang='lat'>42,</span> <span class='ocrx_word' id='word_1_342' title='bbox 688 2867 719 2897; x_wconf 84' lang='lat'>5.</span> 
     </span>
    </p>
   </div>
   <div class='ocr_carea' id='block_1_11' title="bbox 1021 1342 1764 2902">
    <p class='ocr_par' dir='ltr' id='par_1_15' title="bbox 1022 1342 1763 1580">
     <span class='ocr_line' id='line_1_55' title="bbox 1066 1342 1761 1392; baseline -0.004 -10"><span class='ocrx_word' id='word_1_343' title='bbox 1066 1358 1082 1381; x_wconf 82' lang='lat' dir='ltr'>e</span> <span class='ocrx_word' id='word_1_344' title='bbox 1103 1347 1302 1392; x_wconf 76' lang='lat' dir='ltr'>Zeyionibus</span> <span class='ocrx_word' id='word_1_345' title='bbox 1320 1345 1436 1391; x_wconf 83' lang='lat' dir='ltr'>miles]</span> <span class='ocrx_word' id='word_1_346' title='bbox 1464 1345 1498 1380; x_wconf 90' lang='lat' dir='ltr'>d.</span> <span class='ocrx_word' id='word_1_347' title='bbox 1518 1344 1540 1380; x_wconf 91' lang='lat' dir='ltr'>i.</span> <span class='ocrx_word' id='word_1_348' title='bbox 1565 1342 1761 1379; x_wconf 82' lang='lat' dir='ltr'>vexsslarii.</span> 
     </span>
     <span class='ocr_line' id='line_1_56' title="bbox 1068 1390 1763 1439; baseline -0.007 -10"><span class='ocrx_word' id='word_1_349' title='bbox 1068 1399 1100 1429; x_wconf 84' lang='lat'>4.</span> <span class='ocrx_word' id='word_1_350' title='bbox 1145 1393 1349 1439; x_wconf 82' lang='lat' dir='ltr'>Vitelliani]</span> <span class='ocrx_word' id='word_1_351' title='bbox 1392 1391 1619 1437; x_wconf 74' lang='lat' dir='ltr'>praetoriani</span> <span class='ocrx_word' id='word_1_352' title='bbox 1663 1390 1763 1436; x_wconf 79' lang='lat' dir='ltr'>apud.</span> 
     </span>
     <span class='ocr_line' id='line_1_57' title="bbox 1022 1437 1760 1485; baseline -0.004 -10"><span class='ocrx_word' id='word_1_353' title='bbox 1022 1441 1201 1476; x_wconf 79' lang='lat' dir='ltr'>Narniam</span> <span class='ocrx_word' id='word_1_354' title='bbox 1229 1443 1266 1475; x_wconf 76' lang='lat' dir='ltr'>et</span> <span class='ocrx_word' id='word_1_355' title='bbox 1291 1440 1390 1485; x_wconf 82' lang='lat' dir='ltr'>apud</span> <span class='ocrx_word' id='word_1_356' title='bbox 1409 1438 1574 1474; x_wconf 83' lang='lat' dir='ltr'>Bovillas</span> <span class='ocrx_word' id='word_1_357' title='bbox 1599 1438 1638 1473; x_wconf 88' lang='lat' dir='ltr'>in</span> <span class='ocrx_word' id='word_1_358' title='bbox 1657 1437 1760 1473; x_wconf 85' lang='lat' dir='ltr'>dedi-</span> 
     </span>
     <span class='ocr_line' id='line_1_58' title="bbox 1022 1485 1679 1532; baseline -0.003 -10"><span class='ocrx_word' id='word_1_359' title='bbox 1022 1487 1162 1523; x_wconf 74' lang='lat' dir='ltr'>tionem</span> <span class='ocrx_word' id='word_1_360' title='bbox 1189 1487 1335 1532; x_wconf 73' lang='lat' dir='ltr'>accepti</span> <span class='ocrx_word' id='word_1_361' title='bbox 1360 1486 1436 1532; x_wconf 89' lang='lat'>(111,</span> <span class='ocrx_word' id='word_1_362' title='bbox 1463 1490 1519 1521; x_wconf 83' lang='grc'>63.</span> <span class='ocrx_word' id='word_1_363' title='bbox 1545 1485 1607 1529; x_wconf 88' lang='lat' dir='ltr'>IV,</span> <span class='ocrx_word' id='word_1_364' title='bbox 1633 1486 1679 1529; x_wconf 91' lang='lat'>2).</span> 
     </span>
     <span class='ocr_line' id='line_1_59' title="bbox 1066 1534 1458 1580; baseline -0.005 -10"><span class='ocrx_word' id='word_1_365' title='bbox 1066 1536 1199 1580; x_wconf 74' lang='lat' dir='ltr'>pellere</span> <span class='ocrx_word' id='word_1_366' title='bbox 1227 1534 1458 1579; x_wconf 77' lang='lat' dir='ltr'>‘fortjagen&#39;.</span> 
     </span>
    </p>

    <p class='ocr_par' dir='ltr' id='par_1_16' title="bbox 1023 1579 1762 1664">
     <span class='ocr_line' id='line_1_60' title="bbox 1071 1579 1762 1628; baseline -0.006 -11"><span class='ocrx_word' id='word_1_367' title='bbox 1071 1586 1102 1617; x_wconf 84' lang='lat'>5.</span> <span class='ocrx_word' id='word_1_368' title='bbox 1128 1582 1335 1628; x_wconf 78' lang='lat' dir='ltr'>retinenda]</span> <span class='ocrx_word' id='word_1_369' title='bbox 1367 1581 1405 1616; x_wconf 90' lang='lat' dir='ltr'>in</span> <span class='ocrx_word' id='word_1_370' title='bbox 1437 1579 1625 1626; x_wconf 83' lang='lat' dir='ltr'>praetorio</span> <span class='ocrx_word' id='word_1_371' title='bbox 1649 1581 1762 1623; x_wconf 76' lang='lat' dir='ltr'>atque</span> 
     </span>
     <span class='ocr_line' id='line_1_61' title="bbox 1023 1629 1232 1664; baseline 0.005 -1"><span class='ocrx_word' id='word_1_372' title='bbox 1023 1630 1059 1664; x_wconf 83' lang='lat' dir='ltr'>in</span> <span class='ocrx_word' id='word_1_373' title='bbox 1086 1629 1232 1664; x_wconf 81' lang='lat' dir='ltr'>militia.</span> 
     </span>
    </p>

    <p class='ocr_par' dir='ltr' id='par_1_17' title="bbox 1023 1673 1759 1769">
     <span class='ocr_line' id='line_1_62' title="bbox 1071 1673 1758 1721; baseline -0.007 -9"><span class='ocrx_word' id='word_1_374' title='bbox 1071 1681 1101 1711; x_wconf 86' lang='grc'>6.</span> <span class='ocrx_word' id='word_1_375' title='bbox 1127 1678 1312 1721; x_wconf 80' lang='lat' dir='ltr'>stipendia</span> <span class='ocrx_word' id='word_1_376' title='bbox 1337 1679 1497 1720; x_wconf 78' lang='lat' dir='ltr'>spectare</span> <span class='ocrx_word' id='word_1_377' title='bbox 1518 1673 1594 1709; x_wconf 74' lang='lat' dir='ltr'>‘die</span> <span class='ocrx_word' id='word_1_378' title='bbox 1613 1673 1758 1708; x_wconf 77' lang='lat' dir='ltr'>Dienst-</span> 
     </span>
     <span class='ocr_line' id='line_1_63' title="bbox 1023 1720 1759 1769; baseline -0.005 -10"><span class='ocrx_word' id='word_1_379' title='bbox 1023 1724 1248 1769; x_wconf 76' lang='lat' dir='ltr'>zeitpriifen’</span> <span class='ocrx_word' id='word_1_380' title='bbox 1255 1752 1263 1767; x_wconf 94' lang='lat'>,</span> <span class='ocrx_word' id='word_1_381' title='bbox 1279 1723 1440 1758; x_wconf 61' lang='lat' dir='ltr'>namlich</span> <span class='ocrx_word' id='word_1_382' title='bbox 1449 1723 1504 1756; x_wconf 80' lang='lat' dir='ltr'>als</span> <span class='ocrx_word' id='word_1_383' title='bbox 1512 1720 1759 1756; x_wconf 69' lang='lat' dir='ltr'>Pr&#39;atorianer.</span> 
     </span>
    </p>

    <p class='ocr_par' dir='ltr' id='par_1_18' title="bbox 1072 1771 1677 1816">
     <span class='ocr_line' id='line_1_64' title="bbox 1072 1771 1677 1816; baseline -0.007 -10"><span class='ocrx_word' id='word_1_384' title='bbox 1072 1775 1103 1806; x_wconf 83' lang='grc'>7.</span> <span class='ocrx_word' id='word_1_385' title='bbox 1130 1771 1354 1816; x_wconf 61' lang='lat' dir='ltr'>insignibus]</span> <span class='ocrx_word' id='word_1_386' title='bbox 1382 1782 1408 1805; x_wconf 84' lang='lat' dir='ltr'>s.</span> <span class='ocrx_word' id='word_1_387' title='bbox 1435 1782 1478 1804; x_wconf 90' lang='lat' dir='ltr'>zu</span> <span class='ocrx_word' id='word_1_388' title='bbox 1504 1781 1534 1803; x_wconf 89' lang='lat' dir='ltr'>c.</span> <span class='ocrx_word' id='word_1_389' title='bbox 1560 1772 1618 1813; x_wconf 88' lang='lat'>29,</span> <span class='ocrx_word' id='word_1_390' title='bbox 1645 1772 1677 1803; x_wconf 88' lang='lat'>5.</span> 
     </span>
    </p>

    <p class='ocr_par' dir='ltr' id='par_1_19' title="bbox 1070 1817 1535 1862">
     <span class='ocr_line' id='line_1_65' title="bbox 1070 1817 1535 1862; baseline -0.006 -9"><span class='ocrx_word' id='word_1_391' title='bbox 1070 1823 1102 1854; x_wconf 89' lang='lat'>9.</span> <span class='ocrx_word' id='word_1_392' title='bbox 1130 1817 1417 1862; x_wconf 83' lang='lat' dir='ltr'>memoravimus]</span> <span class='ocrx_word' id='word_1_393' title='bbox 1446 1828 1474 1851; x_wconf 89' lang='lat' dir='ltr'>c.</span> <span class='ocrx_word' id='word_1_394' title='bbox 1501 1820 1535 1851; x_wconf 91' lang='lat'>2.</span> 
     </span>
    </p>

    <p class='ocr_par' dir='ltr' id='par_1_20' title="bbox 1022 1863 1763 2099">
     <span class='ocr_line' id='line_1_66' title="bbox 1073 1863 1763 1911; baseline -0.007 -10"><span class='ocrx_word' id='word_1_395' title='bbox 1073 1870 1126 1901; x_wconf 90' lang='lat'>10.</span> <span class='ocrx_word' id='word_1_396' title='bbox 1158 1866 1305 1911; x_wconf 80' lang='lat' dir='ltr'>intecto]</span> <span class='ocrx_word' id='word_1_397' title='bbox 1338 1864 1373 1899; x_wconf 90' lang='lat' dir='ltr'>d.</span> <span class='ocrx_word' id='word_1_398' title='bbox 1408 1864 1431 1898; x_wconf 86' lang='lat' dir='ltr'>i.</span> <span class='ocrx_word' id='word_1_399' title='bbox 1465 1863 1542 1898; x_wconf 89' lang='lat' dir='ltr'>sine</span> <span class='ocrx_word' id='word_1_400' title='bbox 1581 1863 1694 1897; x_wconf 84' lang='lat' dir='ltr'>armis</span> <span class='ocrx_word' id='word_1_401' title='bbox 1725 1863 1763 1897; x_wconf 72' lang='lat' dir='ltr'>et.</span> 
     </span>
     <span class='ocr_line' id='line_1_67' title="bbox 1023 1910 1763 1958; baseline -0.004 -11"><span class='ocrx_word' id='word_1_402' title='bbox 1023 1925 1124 1958; x_wconf 78' lang='lat' dir='ltr'>sago,</span> <span class='ocrx_word' id='word_1_403' title='bbox 1151 1913 1330 1948; x_wconf 82' lang='lat' dir='ltr'>Dasselbe</span> <span class='ocrx_word' id='word_1_404' title='bbox 1343 1911 1523 1947; x_wconf 73' lang='lat' dir='ltr'>bedeutet</span> <span class='ocrx_word' id='word_1_405' title='bbox 1535 1911 1571 1944; x_wconf 92' lang='lat' dir='ltr'>Z.</span> <span class='ocrx_word' id='word_1_406' title='bbox 1589 1914 1633 1944; x_wconf 88' lang='lat'>14</span> <span class='ocrx_word' id='word_1_407' title='bbox 1645 1910 1763 1945; x_wconf 83' lang='lat' dir='ltr'>nudos</span> 
     </span>
     <span class='ocr_line' id='line_1_68' title="bbox 1025 1956 1760 2005; baseline -0.004 -10"><span class='ocrx_word' id='word_1_408' title='bbox 1025 1961 1137 1995; x_wconf 75' lang='lat' dir='ltr'>‘ohne</span> <span class='ocrx_word' id='word_1_409' title='bbox 1158 1961 1330 2005; x_wconf 71' lang='lat' dir='ltr'>Riistung</span> <span class='ocrx_word' id='word_1_410' title='bbox 1356 1959 1429 1994; x_wconf 86' lang='lat' dir='ltr'>und</span> <span class='ocrx_word' id='word_1_411' title='bbox 1455 1956 1760 2003; x_wconf 76' lang='lat' dir='ltr'>Kriegsmantel’.</span> 
     </span>
     <span class='ocr_line' id='line_1_69' title="bbox 1022 2005 1759 2053; baseline -0.005 -10"><span class='ocrx_word' id='word_1_412' title='bbox 1022 2007 1106 2053; x_wconf 80' lang='lat' dir='ltr'>Vgl.</span> <span class='ocrx_word' id='word_1_413' title='bbox 1140 2008 1182 2043; x_wconf 80' lang='lat' dir='ltr'>G.</span> <span class='ocrx_word' id='word_1_414' title='bbox 1217 2012 1237 2042; x_wconf 87' lang='grc'><strong>6</strong></span> <span class='ocrx_word' id='word_1_415' title='bbox 1274 2008 1368 2042; x_wconf 80' lang='lat' dir='ltr'>wudi</span> <span class='ocrx_word' id='word_1_416' title='bbox 1398 2009 1464 2041; x_wconf 83' lang='lat' dir='ltr'>aut</span> <span class='ocrx_word' id='word_1_417' title='bbox 1500 2005 1626 2050; x_wconf 75' lang='lat' dir='ltr'>sayulo</span> <span class='ocrx_word' id='word_1_418' title='bbox 1661 2005 1759 2040; x_wconf 82' lang='lat' dir='ltr'>leves.</span> 
     </span>
     <span class='ocr_line' id='line_1_70' title="bbox 1023 2051 1694 2099; baseline -0.006 -9"><span class='ocrx_word' id='word_1_419' title='bbox 1023 2056 1168 2090; x_wconf 86' lang='lat' dir='ltr'>Ebenso</span> <span class='ocrx_word' id='word_1_420' title='bbox 1194 2054 1288 2090; x_wconf 84' lang='lat' dir='ltr'>wird</span> <span class='ocrx_word' id='word_1_421' title='bbox 1313 2051 1454 2099; x_wconf 78' lang='grc' dir='ltr'><strong><em>γυμνός</em></strong></span> <span class='ocrx_word' id='word_1_422' title='bbox 1479 2051 1694 2098; x_wconf 73' lang='lat' dir='ltr'>gebraucht.</span> 
     </span>
    </p>

    <p class='ocr_par' dir='ltr' id='par_1_21' title="bbox 1073 2099 1723 2137">
     <span class='ocr_line' id='line_1_71' title="bbox 1073 2099 1723 2137; baseline -0.006 0"><span class='ocrx_word' id='word_1_423' title='bbox 1073 2107 1127 2137; x_wconf 90' lang='grc'><strong>11.</strong></span> <span class='ocrx_word' id='word_1_424' title='bbox 1154 2103 1281 2137; x_wconf 84' lang='lat' dir='ltr'>diduci</span> <span class='ocrx_word' id='word_1_425' title='bbox 1308 2099 1723 2137; x_wconf 74' lang='lat' dir='ltr'>‘auseinandertreten‘.</span> 
     </span>
    </p>

    <p class='ocr_par' dir='ltr' id='par_1_22' title="bbox 1069 2145 1724 2195">
     <span class='ocr_line' id='line_1_72' title="bbox 1069 2145 1724 2195; baseline -0.006 -11"><span class='ocrx_word' id='word_1_426' title='bbox 1069 2151 1101 2185; x_wconf 87' lang='lat' dir='ltr'>si</span> <span class='ocrx_word' id='word_1_427' title='bbox 1126 2150 1206 2195; x_wconf 77' lang='lat' dir='ltr'>qui]</span> <span class='ocrx_word' id='word_1_428' title='bbox 1234 2160 1282 2184; x_wconf 82' lang='lat' dir='ltr'>se.</span> <span class='ocrx_word' id='word_1_429' title='bbox 1310 2150 1435 2191; x_wconf 69' lang='lat' dir='ltr'>erant,</span> <span class='ocrx_word' id='word_1_430' title='bbox 1463 2160 1487 2182; x_wconf 84' lang='lat' dir='ltr'>s.</span> <span class='ocrx_word' id='word_1_431' title='bbox 1517 2159 1559 2181; x_wconf 88' lang='lat' dir='ltr'>zu</span> <span class='ocrx_word' id='word_1_432' title='bbox 1579 2145 1605 2190; x_wconf 92' lang='lat' dir='ltr'>I,</span> <span class='ocrx_word' id='word_1_433' title='bbox 1633 2150 1666 2190; x_wconf 89' lang='lat'>9,</span> <span class='ocrx_word' id='word_1_434' title='bbox 1691 2150 1724 2181; x_wconf 86' lang='lat'>3.</span> 
     </span>
    </p>

    <p class='ocr_par' dir='ltr' id='par_1_23' title="bbox 1022 2193 1763 2336">
     <span class='ocr_line' id='line_1_73' title="bbox 1072 2193 1763 2241; baseline -0.006 -10"><span class='ocrx_word' id='word_1_435' title='bbox 1072 2201 1125 2232; x_wconf 92' lang='lat'>13.</span> <span class='ocrx_word' id='word_1_436' title='bbox 1158 2197 1238 2231; x_wconf 84' lang='lat' dir='ltr'>telis</span> <span class='ocrx_word' id='word_1_437' title='bbox 1269 2200 1301 2231; x_wconf 81' lang='lat' dir='ltr'>et</span> <span class='ocrx_word' id='word_1_438' title='bbox 1332 2196 1444 2230; x_wconf 80' lang='lat' dir='ltr'>armis</span> <span class='ocrx_word' id='word_1_439' title='bbox 1479 2194 1646 2241; x_wconf 57' lang='lat' dir='ltr'>trucem]</span> <span class='ocrx_word' id='word_1_440' title='bbox 1677 2193 1763 2228; x_wconf 78' lang='lat' dir='ltr'>‘mit</span> 
     </span>
     <span class='ocr_line' id='line_1_74' title="bbox 1023 2240 1763 2286; baseline -0.005 -8"><span class='ocrx_word' id='word_1_441' title='bbox 1023 2244 1151 2279; x_wconf 75' lang='lat' dir='ltr'>Trutz-</span> <span class='ocrx_word' id='word_1_442' title='bbox 1178 2244 1253 2278; x_wconf 92' lang='lat' dir='ltr'>und</span> <span class='ocrx_word' id='word_1_443' title='bbox 1275 2242 1546 2277; x_wconf 78' lang='lat' dir='ltr'>Schutzwaffen</span> <span class='ocrx_word' id='word_1_444' title='bbox 1574 2241 1628 2286; x_wconf 92' lang='lat' dir='ltr'>(in</span> <span class='ocrx_word' id='word_1_445' title='bbox 1647 2240 1763 2275; x_wconf 85' lang='lat' dir='ltr'>Wehr</span> 
     </span>
     <span class='ocr_line' id='line_1_75' title="bbox 1022 2287 1761 2336; baseline -0.005 -10"><span class='ocrx_word' id='word_1_446' title='bbox 1022 2292 1097 2326; x_wconf 90' lang='lat' dir='ltr'>und</span> <span class='ocrx_word' id='word_1_447' title='bbox 1123 2291 1286 2336; x_wconf 62' lang='lat' dir='ltr'>Waffen)</span> <span class='ocrx_word' id='word_1_448' title='bbox 1322 2289 1499 2335; x_wconf 86' lang='lat' dir='ltr'>grimmig</span> <span class='ocrx_word' id='word_1_449' title='bbox 1525 2287 1761 2324; x_wconf 79' lang='lat' dir='ltr'>aussehend&#39;.</span> 
     </span>
    </p>

    <p class='ocr_par' dir='ltr' id='par_1_24' title="bbox 1022 2335 1763 2431">
     <span class='ocr_line' id='line_1_76' title="bbox 1078 2335 1763 2384; baseline -0.006 -11"><span class='ocrx_word' id='word_1_450' title='bbox 1078 2341 1131 2374; x_wconf 82' lang='lat'>15.</span> <span class='ocrx_word' id='word_1_451' title='bbox 1159 2338 1316 2384; x_wconf 80' lang='lat' dir='ltr'>coepere]</span> <span class='ocrx_word' id='word_1_452' title='bbox 1338 2339 1429 2372; x_wconf 74' lang='lat' dir='ltr'>statt</span> <span class='ocrx_word' id='word_1_453' title='bbox 1447 2337 1511 2372; x_wconf 86' lang='lat' dir='ltr'>des</span> <span class='ocrx_word' id='word_1_454' title='bbox 1530 2335 1763 2371; x_wconf 82' lang='lat' dir='ltr'>klassischen</span> 
     </span>
     <span class='ocr_line' id='line_1_77' title="bbox 1022 2387 1665 2431; baseline -0.006 -10"><span class='ocrx_word' id='word_1_455' title='bbox 1022 2387 1136 2431; x_wconf 75' lang='lat' dir='ltr'>coepti</span> <span class='ocrx_word' id='word_1_456' title='bbox 1159 2389 1255 2421; x_wconf 79' lang='lat' dir='ltr'>swnt.</span> <span class='ocrx_word' id='word_1_457' title='bbox 1662 2400 1665 2403; x_wconf 92' lang='lat'><em>·</em></span> 
     </span>
    </p>

    <p class='ocr_par' dir='ltr' id='par_1_25' title="bbox 1021 2429 1764 2809">
     <span class='ocr_line' id='line_1_78' title="bbox 1067 2429 1763 2478; baseline -0.007 -10"><span class='ocrx_word' id='word_1_458' title='bbox 1067 2445 1132 2478; x_wconf 78' lang='lat' dir='ltr'>per</span> <span class='ocrx_word' id='word_1_459' title='bbox 1152 2433 1302 2467; x_wconf 74' lang='lat' dir='ltr'>vertritt</span> <span class='ocrx_word' id='word_1_460' title='bbox 1321 2432 1380 2466; x_wconf 88' lang='lat' dir='ltr'>die</span> <span class='ocrx_word' id='word_1_461' title='bbox 1404 2430 1518 2466; x_wconf 72' lang='lat' dir='ltr'>stelle</span> <span class='ocrx_word' id='word_1_462' title='bbox 1536 2430 1601 2464; x_wconf 82' lang='lat' dir='ltr'>des</span> <span class='ocrx_word' id='word_1_463' title='bbox 1621 2429 1763 2464; x_wconf 87' lang='lat' dir='ltr'>fehlen-</span> 
     </span>
     <span class='ocr_line' id='line_1_79' title="bbox 1023 2477 1762 2524; baseline -0.005 -9"><span class='ocrx_word' id='word_1_464' title='bbox 1023 2481 1094 2515; x_wconf 88' lang='lat' dir='ltr'>den</span> <span class='ocrx_word' id='word_1_465' title='bbox 1109 2478 1458 2524; x_wconf 69' lang='lat' dir='ltr'>Pradikatsbegriffs</span> <span class='ocrx_word' id='word_1_466' title='bbox 1472 2478 1617 2512; x_wconf 76' lang='lat' dir='ltr'>incessit</span> <span class='ocrx_word' id='word_1_467' title='bbox 1646 2477 1762 2511; x_wconf 83' lang='lat' dir='ltr'>‘wan-</span> 
     </span>
     <span class='ocr_line' id='line_1_80' title="bbox 1023 2523 1764 2573; baseline -0.008 -10"><span class='ocrx_word' id='word_1_468' title='bbox 1023 2529 1121 2563; x_wconf 77' lang='lat' dir='ltr'>delte</span> <span class='ocrx_word' id='word_1_469' title='bbox 1160 2539 1226 2573; x_wconf 60' lang='lat' dir='ltr'>an,</span> <span class='ocrx_word' id='word_1_470' title='bbox 1269 2528 1357 2562; x_wconf 85' lang='lat' dir='ltr'>kam</span> <span class='ocrx_word' id='word_1_471' title='bbox 1393 2526 1501 2569; x_wconf 74' lang='lat' dir='ltr'>iiber,</span> <span class='ocrx_word' id='word_1_472' title='bbox 1539 2523 1764 2560; x_wconf 81' lang='lat' dir='ltr'>verbreitete</span> 
     </span>
     <span class='ocr_line' id='line_1_81' title="bbox 1022 2571 1763 2618; baseline -0.007 -8"><span class='ocrx_word' id='word_1_473' title='bbox 1022 2575 1130 2610; x_wconf 80' lang='lat' dir='ltr'>sich’.</span> <span class='ocrx_word' id='word_1_474' title='bbox 1181 2574 1344 2609; x_wconf 84' lang='lat' dir='ltr'>Ahnlich</span> <span class='ocrx_word' id='word_1_475' title='bbox 1371 2574 1458 2618; x_wconf 83' lang='lat' dir='ltr'>Agr.</span> <span class='ocrx_word' id='word_1_476' title='bbox 1487 2575 1541 2606; x_wconf 90' lang='lat'>19.</span> <span class='ocrx_word' id='word_1_477' title='bbox 1573 2571 1669 2607; x_wconf 79' lang='lat' dir='ltr'>nihil</span> <span class='ocrx_word' id='word_1_478' title='bbox 1694 2581 1763 2616; x_wconf 80' lang='lat' dir='ltr'>per</span> 
     </span>
     <span class='ocr_line' id='line_1_82' title="bbox 1022 2619 1762 2666; baseline -0.005 -10"><span class='ocrx_word' id='word_1_479' title='bbox 1022 2624 1167 2658; x_wconf 80' lang='lat' dir='ltr'>libertos</span> <span class='ocrx_word' id='word_1_480' title='bbox 1204 2632 1390 2666; x_wconf 78' lang='lat' dir='ltr'>servosque</span> <span class='ocrx_word' id='word_1_481' title='bbox 1425 2619 1592 2663; x_wconf 76' lang='lat' dir='ltr'>publicae</span> <span class='ocrx_word' id='word_1_482' title='bbox 1628 2619 1682 2653; x_wconf 79' lang='lat' dir='ltr'>rei</span> <span class='ocrx_word' id='word_1_483' title='bbox 1719 2619 1762 2661; x_wconf 83' lang='lat' dir='ltr'>(s.</span> 
     </span>
     <span class='ocr_line' id='line_1_83' title="bbox 1022 2665 1763 2712; baseline -0.005 -9"><span class='ocrx_word' id='word_1_484' title='bbox 1022 2669 1244 2705; x_wconf 89' lang='lat' dir='ltr'>Doederlein</span> <span class='ocrx_word' id='word_1_485' title='bbox 1270 2681 1312 2703; x_wconf 92' lang='lat' dir='ltr'>zu</span> <span class='ocrx_word' id='word_1_486' title='bbox 1340 2669 1374 2703; x_wconf 89' lang='lat' dir='ltr'>d.</span> <span class='ocrx_word' id='word_1_487' title='bbox 1402 2667 1481 2712; x_wconf 75' lang='lat' dir='ltr'>St.);</span> <span class='ocrx_word' id='word_1_488' title='bbox 1509 2666 1551 2700; x_wconf 89' lang='lat' dir='ltr'>H.</span> <span class='ocrx_word' id='word_1_489' title='bbox 1579 2665 1606 2708; x_wconf 95' lang='lat' dir='ltr'>I,</span> <span class='ocrx_word' id='word_1_490' title='bbox 1633 2668 1678 2700; x_wconf 87' lang='grc'>84</span> <span class='ocrx_word' id='word_1_491' title='bbox 1702 2675 1763 2700; x_wconf 81' lang='lat' dir='ltr'>vos</span> 
     </span>
     <span class='ocr_line' id='line_1_84' title="bbox 1021 2713 1762 2761; baseline -0.008 -9"><span class='ocrx_word' id='word_1_492' title='bbox 1021 2719 1165 2761; x_wconf 76' lang='lat' dir='ltr'>quidem</span> <span class='ocrx_word' id='word_1_493' title='bbox 1211 2717 1310 2751; x_wconf 80' lang='lat' dir='ltr'>istud</span> <span class='ocrx_word' id='word_1_494' title='bbox 1349 2726 1420 2760; x_wconf 80' lang='lat' dir='ltr'>pro</span> <span class='ocrx_word' id='word_1_495' title='bbox 1464 2725 1527 2749; x_wconf 87' lang='lat' dir='ltr'>me.</span> <span class='ocrx_word' id='word_1_496' title='bbox 1586 2713 1762 2758; x_wconf 85' lang='lat' dir='ltr'>Draeger,</span> 
     </span>
     <span class='ocr_line' id='line_1_85' title="bbox 1023 2760 1641 2809; baseline -0.006 -11"><span class='ocrx_word' id='word_1_497' title='bbox 1023 2766 1123 2809; x_wconf 76' lang='lat' dir='ltr'>Synt.</span> <span class='ocrx_word' id='word_1_498' title='bbox 1151 2767 1170 2806; x_wconf 65' lang='grc' dir='ltr'>ἓ</span> <span class='ocrx_word' id='word_1_499' title='bbox 1197 2767 1252 2798; x_wconf 89' lang='lat'>35.</span> <span class='ocrx_word' id='word_1_500' title='bbox 1304 2762 1426 2798; x_wconf 80' lang='lat' dir='ltr'>Madv.</span> <span class='ocrx_word' id='word_1_501' title='bbox 1454 2765 1474 2804; x_wconf 68' lang='grc' dir='ltr'>ξ</span> <span class='ocrx_word' id='word_1_502' title='bbox 1500 2764 1580 2804; x_wconf 83' lang='grc'>479,</span> <span class='ocrx_word' id='word_1_503' title='bbox 1609 2760 1641 2794; x_wconf 92' lang='lat' dir='ltr'>d.</span> 
     </span>
    </p>

    <p class='ocr_par' dir='ltr' id='par_1_26' title="bbox 1024 2807 1762 2902">
     <span class='ocr_line' id='line_1_86' title="bbox 1071 2807 1762 2856; baseline -0.009 -10"><span class='ocrx_word' id='word_1_504' title='bbox 1071 2816 1124 2847; x_wconf 84' lang='grc'>16.</span> <span class='ocrx_word' id='word_1_505' title='bbox 1158 2810 1356 2856; x_wconf 74' lang='lat' dir='ltr'>tamquam]</span> <span class='ocrx_word' id='word_1_506' title='bbox 1403 2809 1454 2844; x_wconf 88' lang='lat' dir='ltr'>‘in</span> <span class='ocrx_word' id='word_1_507' title='bbox 1491 2808 1555 2843; x_wconf 85' lang='lat' dir='ltr'>der</span> <span class='ocrx_word' id='word_1_508' title='bbox 1587 2807 1762 2852; x_wconf 87' lang='lat' dir='ltr'>Meinung</span> 
     </span>
     <span class='ocr_line' id='line_1_87' title="bbox 1024 2858 1429 2902; baseline 0 -10"><span class='ocrx_word' id='word_1_509' title='bbox 1024 2858 1133 2901; x_wconf 66' lang='lat' dir='ltr'>dass’3</span> <span class='ocrx_word' id='word_1_510' title='bbox 1160 2872 1185 2893; x_wconf 81' lang='lat' dir='ltr'>s.</span> <span class='ocrx_word' id='word_1_511' title='bbox 1215 2870 1258 2892; x_wconf 76' lang='lat' dir='ltr'>zu</span> <span class='ocrx_word' id='word_1_512' title='bbox 1284 2858 1310 2902; x_wconf 88' lang='lat' dir='ltr'>I,</span> <span class='ocrx_word' id='word_1_513' title='bbox 1338 2861 1369 2902; x_wconf 88' lang='lat'>8,</span> <span class='ocrx_word' id='word_1_514' title='bbox 1397 2861 1429 2892; x_wconf 85' lang='lat'>9.</span> 
     </span>
    </p>
   </div>
   <div class='ocr_carea' id='block_1_12' title="bbox 1857 1423 1859 2026">
    <p class='ocr_par' dir='ltr' id='par_1_27' title="bbox 1857 1423 1859 2026">
     <span class='ocr_line' id='line_1_88' title="bbox 1857 1423 1859 2026; baseline 0 0"><span class='ocrx_word' id='word_1_515' title='bbox 1857 1423 1859 2026; x_wconf 95' lang='lat' dir='ltr'> </span> 
     </span>
    </p>
   </div>
  </div>
 </body>
</html>
