1859 3182
196 81 252 122 48
721 79 883 114 TACITI
909 79 1247 115 HISTORIARUM

199 193 396 230 avaritiam
431 190 655 241 superbiam
695 195 905 240 ceteraque
944 190 1096 229 occulta
1135 191 1232 229 mala
1272 191 1468 242 patefecit.
1531 197 1575 230 ut
1607 198 1760 244 captam

164 250 345 289 5Italiam
380 249 619 300 persultare,
653 254 696 287 ut
734 261 824 287 suas
863 248 1035 299 legiones
1076 249 1223 301 colere,
1263 250 1447 289 omnibus
1481 250 1597 289 dictis
1630 252 1761 290 factis-

200 322 275 360 que
310 311 406 346 viam
441 308 516 346 sibi
548 308 593 346 ad
626 309 842 358 potentiam
876 313 1041 346 struere.
1092 314 1213 359 utque
1246 308 1404 347 licentia
1431 308 1595 348 militem
1622 310 1759 349 inbue-

199 374 277 418 ret,
322 367 622 406 interfectorum
667 367 942 405 centurionum
987 367 1146 405 ordines
1184 367 1408 417 legionibus
1450 367 1650 408 offerebat.
1713 381 1758 407 eo

201 427 385 476 suffragio
418 425 713 464 turbidissimus
748 426 914 476 quisque
954 425 1112 477 delecti,
1152 438 1224 465 nec
1264 426 1376 464 miles
1415 428 1454 464 in
1495 426 1658 466 arbitrio
1691 427 1761 466 du-

201 498 308 536 cum,
349 485 417 523 sed
456 485 576 523 duces
615 484 775 522 militari
814 483 996 523 violentia
1034 484 1302 523 trahebantur.
1366 497 1465 536 quae
1499 485 1683 525 seditiosa
1723 491 1762 524 et

148 556 180 580 10
201 543 513 594 corrumpendae
552 542 781 594 disciplinae
826 555 913 581 mox
952 544 991 581 in
1023 544 1206 594 praedam
1246 543 1442 595 vertebat,
1487 544 1584 582 nihil
1620 545 1761 583 adven-

200 608 347 641 tantem
380 602 603 640 Mucianum
638 603 802 653 veritus,
842 602 944 652 quod
979 603 1182 641 exitiosius
1215 608 1299 641 erat
1332 615 1447 653 quam
1482 602 1762 654 Vespasianum

201 663 409 713 sprevisse.

131 720 187 762 50
320 720 505 759 Ceterum
538 721 759 770 propinqua
786 719 914 758 hieme
948 724 987 757 et
1023 719 1250 758 umentibus
1278 720 1382 759 Pado
1420 722 1569 771 campis
1603 721 1760 772 expedi-

201 785 283 818 tum
318 791 456 830 agmen
483 779 680 817 incedere.
726 780 835 828 signa
862 778 1091 829 aquilaeque
1120 775 1342 817 ‘victricium
1368 779 1585 832 legionum,
1618 779 1762 818 milites

130 858 134 862 ·
200 838 430 877 vulneribus
458 844 524 876 aut
551 843 676 876 aetate
703 849 857 888 graves,
891 837 1068 888 plerique
1097 839 1213 875 etiam
1242 839 1388 888 integri
1415 838 1590 877 Veronae
1618 838 1764 877 relicti:

201 898 384 936 sufficere
418 897 601 936 cohortes
634 896 795 947 alaeque
829 902 867 934 et
901 909 920 933 e
954 896 1174 946 legionibus
1207 896 1299 935 lecti
1324 896 1532 948 profligato
1559 899 1636 936 iam
1663 897 1764 936 bello

131 1053 133 1056 ’
200 1058 286 1102 Agr.
324 1061 365 1091 15
392 1068 435 1091 esc
460 1059 567 1100 facili
592 1058 847 1100 tolerantibu83
882 1057 947 1091 Ov.

203 1117 272 1139 am.
303 1104 347 1147 ΙΙ,
374 1109 407 1148 2,
434 1108 489 1140 55.
530 1105 614 1149 Vgl.
642 1117 684 1139 zu
704 1105 732 1148 I,
760 1108 816 1147 57,
846 1108 886 1137 11
914 1115 949 1138 u.

201 1152 246 1195 ΙΙ,
259 1155 315 1196 77,
328 1156 358 1186 9.
384 1151 634 1196 Nagelsbach,
646 1153 711 1187 lat.
726 1152 805 1186 Stil.
820 1156 838 1194 ξ
851 1155 907 1193 22,
917 1162 948 1186 a.

202 1200 324 1243 Neue,
363 1199 426 1233 lat.
461 1200 644 1235 Formenl.
678 1199 730 1244 ΙΙ,
772 1202 840 1234 540
872 1198 948 1242 fgg.

201 1247 375 1291 Draeger,
403 1245 505 1291 Synt.
530 1250 548 1287 ξ
570 1250 625 1290 96,
641 1250 673 1281 5.
695 1267 738 1271 -
758 1245 829 1281 Mit
847 1250 951 1281 ratus

202 1294 271 1374 ist6
275 1304 336 1328 seu
362 1293 606 1329 koordiniert.

251 1344 282 1376 6.
309 1341 487 1387 inbueret]
516 1354 542 1375 s.
570 1352 612 1374 zu
639 1344 836 1384 0.15,12.
875 1360 878 1361 ⁷

252 1392 282 1422 7.
331 1389 476 1423 oidines
520 1389 721 1433 legionibus
764 1388 851 1431 offe?
854 1387 949 1433 ebat]

138 1427 141 1429 ’
204 1436 290 1469 Ant.
317 1435 383 1469 bot
409 1435 479 1469 den
506 1434 694 1479 Legionen
726 1434 786 1468 die
813 1435 949 1468 Ernen-

202 1493 303 1535 uung
320 1482 384 1516 der
399 1482 645 1516 Centurionen
661 1493 718 1516 an.
746 1473 845 1516 Uber
863 1481 951 1516 ordo

207 1531 244 1563 in
265 1530 386 1563 dieser
406 1529 627 1573 Bedeutung
652 1529 726 1573 vgl.
748 1528 774 1572 Ι,
802 1532 845 1562 52
873 1529 950 1562 red-

204 1577 274 1611 diti
281 1577 461 1620 plerisque
475 1577 619 1611 ordines
632 1577 706 1609 und
722 1588 765 1609 zu
782 1576 806 1615 Ι,
823 1579 880 1619 31,
897 1578 950 1609 13.

254 1627 283 1657 8.
307 1624 580 1658 turbidissimus
600 1623 763 1668 quisque]
790 1623 864 1657 ‘die
886 1635 948 1656 un-

205 1670 399 1714 ruhigsten
430 1671 578 1714 Ko'pfe'3
606 1671 679 1714 vgl.
708 1670 767 1712 lV,
796 1674 839 1704 68
854 1673 950 1715 „tur-

205 1718 312 1752 bidus
334 1719 524 1752 miscendis
550 1718 797 1752 seditionibus.
848 1716 947 1751 Uber

208 1765 277 1799 den
305 1764 402 1798 Plur.
430 1766 555 1800 delecti
580 1777 606 1800 s.
635 1775 664 1798 0.
693 1769 748 1807 50,
771 1767 825 1799 12.
853 1767 909 1805 84,
930 1768 949 1798 2

205 1812 279 1846 und
303 1824 345 1846 zu
367 1813 392 1853 Ι,
413 1817 470 1854 35,
493 1816 529 1855 5;
557 1812 621 1846 der
642 1812 742 1855 Sing.
764 1812 950 1855 hingegen

206 1860 300 1894 oben
327 1870 356 1893 c.
387 1863 446 1900 16,
475 1864 505 1894 6.
557 1858 619 1903 IV,
648 1863 678 1901 1,
708 1862 749 1893 10
776 1871 809 1892 u.
838 1863 869 1893 ὃ.

253 1907 294 1940 in
315 1907 469 1940 arbitrio
489 1906 635 1951 ducum]
662 1906 713 1940 ‘in
734 1905 949 1949 Abhangig-

208 1954 286 1988 keit
313 1964 384 1987 von
412 1954 483 1988 den
503 1953 783 1995 Heerfiihrern’,
811 1952 950 1987 welche

208 2002 310 2034 sonst
344 2001 439 2035 nach
467 2000 532 2035 der
557 2001 767 2035 romischen
794 1999 952 2034 Militar-

208 2048 424 2092 verfassung
469 2048 527 2081 die
568 2046 952 2082 Centurionenstellen

209 2107 253 2128 zu
279 2096 463 2139 vergeben
489 2094 630 2129 hatten.

258 2145 288 2175 9.
316 2153 405 2186 quae
424 2143 594 2176 seditiosa
613 2145 644 2175 et
671 2141 954 2184 corrumpendae

209 2189 443 2235 disciplinae]
469 2189 603 2223 ‘dieses
619 2187 864 2222 wuhlerische
879 2187 954 2221 und

210 2236 277 2270 auf
305 2237 363 2271 die
389 2236 592 2280 Aufl5sung
618 2236 683 2269 der
708 2235 955 2269 Mannszuclit

210 2283 416 2327 gerichtete
443 2284 631 2317 'lreiben'
671 2273 769 2316 Uber
790 2282 859 2316 den
885 2293 933 2315 mi
926 2281 955 2314 it

211 2331 293 2364 dem
327 2330 570 2365 attributiven
597 2329 774 2374 Adjektiv
808 2329 954 2363 koordi-

211 2378 352 2412 nierten
374 2378 461 2411 Gen.
485 2378 548 2411 des
570 2376 776 2412 Gerundivs
801 2388 827 2409 s.
850 2388 890 2409 zu
911 2375 955 2418 ΙΙ,

214 2428 290 2466 100,
315 2429 367 2459 12.
398 2426 544 2469 Analog
564 2425 613 2459 ist
633 2424 693 2459 die
713 2422 956 2465 Verbindung

211 2471 276 2505 des
297 2472 385 2506 (¹en.
403 2471 562 2506 Gerund.
583 2472 651 2506 mit
671 2470 955 2512 ωδε-1101110113,

212 2518 275 2552 lat.
306 2518 474 2562 Schulgr.
502 2522 627 2562 §192,
655 2522 674 2553 5
702 2517 809 2552 Anm
837 2522 869 2551 3.

263 2567 615 2611 10.2npiae(lt1mj1
628 2577 657 2600 e
673 2566 727 2600 ita.
741 2566 783 2598 ut
797 2564 955 2599 velinde

212 2613 389 2657 praedam
424 2612 578 2647 faceret:
617 2624 702 2646 nam
735 2623 779 2646 ex
812 2610 956 2645 ambitu

214 2661 441 2694 centuriatus
501 2660 707 2704 petentium
759 2660 956 2703 quaestum

212 2707 387 2749 faciebat,
415 2717 498 2740 cum
524 2707 639 2751 ipsius
666 2706 856 2748 iudicium,
883 2716 956 2748 qua

214 2755 295 2788 erat
322 2755 544 2788 auctoritate
572 2754 669 2798 apud
697 2752 872 2795 militem,
909 2752 954 2785 ad

215 2801 391 2835 creandos
425 2801 657 2836 centuriones
690 2800 842 2834 maximi
877 2809 953 2833 mo-

215 2847 331 2882 menti
359 2850 466 2883 esset.
517 2848 601 2892 Vgl.
629 2848 672 2893 11,
700 2851 755 2882 84.

1069 1057 1240 1101 vertebat]
1271 1057 1437 1092 ‘beutete
1464 1068 1502 1092 er
1527 1058 1622 1092 aus’.

1073 1107 1125 1138 11.
1154 1104 1357 1149 emitiosius]
1385 1105 1472 1148 quia
1495 1104 1685 1139 Mucianus
1711 1103 1764 1138 fa-

1023 1162 1110 1185 vore
1149 1151 1310 1185 militum
1352 1152 1482 1186 anxius
1520 1152 1558 1186 et
1596 1152 1769 1195 superbia

1024 1197 1094 1232 viri
1120 1197 1332 1241 aequalium
1358 1209 1516 1242 quoque,
1544 1199 1636 1233 adeo
1663 1210 1767 1243 supe-

1023 1244 1162 1279 riorum
1188 1243 1423 1279 intolerantis
1449 1245 1524 1289 (IV,
1545 1247 1605 1291 80)
1633 1256 1766 1290 graves

1025 1292 1236 1326 simultates
1270 1292 1404 1327 callide
1436 1303 1554 1336 eoque
1592 1292 1769 1337 implaca-

1024 1338 1135 1373 bilius
1178 1339 1370 1374 nutriebat
1411 1341 1456 1382 (0.
1497 1340 1568 1384 53).
1636 1340 1769 1384 Itaque

1024 1386 1239 1420 Mucianus
1231 1398 1269 1420 m
1284 1386 1437 1421 urbem
1428 1397 1614 1431 ingressus
1635 1388 1770 1421 cuncta

1026 1433 1165 1467 simul'
1155 1445 1191 1467 1n
1214 1444 1252 1467 se
1272 1432 1403 1468 tiaxit:
1423 1433 1545 1468 fracta
1564 1433 1680 1468 Primi
1694 1432 1768 1468 An·

1024 1480 1118 1514 tonii
1143 1479 1314 1524 potentia
1334 1483 1390 1515 est
1415 1481 1512 1515 male
1533 1480 1770 1517 dissimulata

1024 1526 1062 1560 in
1083 1539 1166 1561 eum
1187 1526 1350 1562 Muciani
1375 1527 1578 1572 iracundia,
1600 1527 1770 1572 quamvis

1025 1574 1131 1608 vultu
1157 1575 1344 1619 tegeretur
1370 1574 1445 1619 (IV,
1474 1577 1541 1628 11).

1072 1622 1134 1656 50.
1165 1625 1193 1656 1.
1216 1622 1438 1684 expeditum]
1461 1622 1493 1657 d.
1511 1623 1535 1657 i.
1557 1622 1634 1657 sine
1655 1621 1771 1667 impe-

1025 1669 1211 1712 elimentis,
1240 1668 1351 1703 ‘ohne
1378 1669 1518 1704 Train'.

1072 1720 1103 1750 2.
1149 1716 1325 1761 incedeie]
1372 1715 1442 1750 Ein
1478 1716 1664 1751 isolierter
1701 1715 1773 1751 Ins.

1025 1762 1286 1807 descriptivus,
1314 1763 1381 1798 wie
1409 1764 1458 1806 ΙΙ,
1488 1767 1528 1798 11
1557 1767 1640 1798 ante
1664 1764 1771 1808 siyna

1018 1811 1128 1855 pedes
1178 1811 1230 1844 ire
1278 1810 1388 1854 (nach
1427 1811 1598 1855 Madvigs
1637 1809 1771 1844 Emen-

1025 1857 1155 1892 dation
1199 1857 1263 1891 der
1307 1858 1440 1892 Lesart
1485 1858 1547 1892 des
1585 1856 1773 1892 Mediceus

1019 1904 1205 1949 pedestre).

1056 1954 1105 1986 ’3.
1143 1952 1354 1986 vulneribus
1389 1955 1453 1986 aut
1485 1955 1599 1987 aetate
1629 1951 1771 1997 graves]

1026 1999 1095 2032 wie
1122 1998 1199 2033 Liv.
1227 1998 1275 2041 ΙΙ,
1306 2002 1365 2043 19,
1394 2003 1413 2033 6
1449 2010 1667 2043 quamquam
1699 2000 1773 2033 iam

1026 2049 1142 2080 aetate
1161 2049 1193 2080 et
1211 2046 1353 2080 viribus
1373 2050 1450 2080 erat
1469 2047 1626 2090 yravior.
1667 2044 1771 2080 Ohne

1027 2093 1190 2137 Zeugma
1223 2092 1335 2127 heisst
1361 2104 1398 2127 es
1425 2093 1513 2136 VII,
1541 2096 1603 2136 39,
1632 2096 1649 2126 1
1683 2093 1775 2128 alios

1026 2151 1154 2184 yraves
1173 2140 1247 2174 iam
1267 2143 1382 2174 aetate
1395 2143 1461 2174 aut
1480 2140 1620 2175 viribus
1637 2151 1773 2184 parum

1026 2188 1182 2228 validos;
1224 2187 1274 2231 X,
1301 2190 1363 2230 34,
1391 2191 1434 2221 12
1469 2197 1609 2231 paucos
1647 2197 1775 2232 yraves

1028 2237 1143 2268 aetate
1156 2237 1222 2268 aut
1240 2234 1434 2269 invalidos.
1465 2233 1548 2269 Wie
1564 2233 1645 2269 hier
1659 2237 1775 2269 aetate

1026 2282 1162 2325 gravis,
1187 2292 1226 2316 so
1246 2281 1346 2315 steht
1364 2279 1406 2315 A.
1428 2280 1509 2325 XII,
1531 2285 1576 2316 40
1601 2284 1776 2316 senectute

1027 2329 1168 2373 yravi33
1203 2328 1311 2373 Verg.
1339 2329 1429 2363 Aen.
1450 2327 1495 2372 ΙΙ,
1522 2331 1589 2363 435
1611 2328 1673 2373 ἲςζ
1691 2338 1776 2364 aevo

1028 2376 1103 2409 iam
1140 2376 1309 2420 yrcivior3
1350 2376 1415 2410 Ov,
1455 2376 1541 2410 met.
1580 2375 1665 2418 VII,
1704 2379 1774 2410 299

1028 2424 1152 2466 §ravis
1189 2426 1346 2465 senecta;
1386 2423 1472 2457 Hor.
1508 2422 1582 2457 Sat.
1616 2422 1648 2466 Ι,
1685 2425 1720 2466 1,
1754 2426 1774 2457 5

1027 2471 1152 2513 qravis
1190 2470 1300 2505 annis
1340 2470 1462 2504 ‘unter
1495 2469 1560 2504 der
1590 2468 1680 2504 Last
1711 2469 1776 2504 der

1028 2516 1167 2551 Jahre.

1071 2564 1252 2610 plerique]
1282 2576 1307 2598 s.
1336 2562 1431 2607 zuI,
1458 2566 1491 2607 5,
1518 2567 1549 2598 9.

1075 2611 1224 2657 iizteqri]
1266 2622 1334 2645 nec
1366 2609 1580 2645 vulneribus
1615 2609 1775 2645 confecti

1029 2669 1095 2692 nee
1122 2661 1245 2693 aetate
1272 2668 1412 2703 graves.

1076 2709 1108 2738 4.
1142 2716 1158 2739 e
1193 2706 1393 2750 Ieyionibus
1425 2705 1522 2750 lecti]
1549 2705 1582 2739 d.
1609 2704 1633 2739 i.
1661 2704 1776 2739 vexil-

1028 2752 1123 2786 larii.
1176 2753 1210 2787 S.
1239 2765 1281 2786 zu
1309 2752 1336 2795 I,
1364 2755 1419 2796 31,
1448 2755 1502 2787 16.

1073 2799 1285 2845 prosliyato]
1324 2798 1358 2835 d.
1391 2799 1414 2834 i.
1446 2809 1562 2844 prope
1595 2798 1776 2834 confecto.

1030 2846 1063 2879 S.
1092 2858 1136 2880 zu
1162 2846 1206 2890 Il,
1234 2851 1266 2890 4,
1296 2850 1348 2881 10.
