1859 3182
195 104 253 145 50
726 101 888 137 TAorri
913 101 1249 137 HISTORIARUM

196 214 274 253 illis
307 219 374 252 aut
405 212 600 251 honorare
635 224 718 251 eam
752 211 913 251 caedem
945 214 1007 251 ius
1037 212 1241 251 hominum
1274 217 1341 250 aut
1367 211 1505 251 ulcisci
1537 214 1637 252 ratio
1670 212 1762 252 belli

161 283 177 308 5
197 271 461 324 permittebat.
514 271 750 310 distulerant
776 276 974 322 tamquam
1000 272 1147 310 maiora
1175 272 1379 323 meritum,
1415 283 1531 322 quam
1560 284 1658 323 quae
1686 277 1763 311 sta-

194 333 265 370 tim
298 330 615 382 exsolverentur3
647 342 720 369 nec
755 331 964 381 quicquam
998 330 1101 369 ultra
1134 330 1316 369 traditur.
1374 335 1551 369 ceterum
1585 336 1624 370 et
1655 333 1760 382 prio-

195 389 305 428 ribus
339 391 482 428 civium
515 389 628 428 bellis
660 401 731 439 par
764 389 893 428 scelus
932 389 1137 428 inciderat.

1198 401 1287 427 nam
1326 389 1493 441 proelio,
1541 402 1618 441 quo
1657 390 1760 441 apud

194 448 410 487 Ianiculum
444 448 633 487 adversus
666 447 829 487 Cinnam
861 453 1078 499 pugnatum
1117 452 1194 499 est,
1233 447 1497 499 Pompeianus
1534 448 1648 487 miles
1687 449 1762 487 fra-

194 513 295 546 trem
330 520 463 559 suum,
503 507 594 546 dein
627 508 784 557 cognito
818 507 991 546 facinore
1026 519 1067 546 se
1100 508 1231 558 ipsum
1262 507 1480 559 interfecit,
1519 512 1564 546 ut
1596 507 1762 546 Sisenna

145 577 178 602 10
198 572 406 606 memorat:
450 571 559 605 tanto
599 568 727 604 acrior
766 566 869 616 apud
908 567 1077 604 maiores
1122 567 1225 604 sicut
1263 565 1476 604 virtutibus
1521 566 1662 618 gloria,
1706 568 1761 605 ita

193 625 352 676 flagitiis
384 626 623 676 paenitentia
657 625 742 664 fuit.

805 624 874 663 sed
905 625 1002 664 haec
1034 625 1186 676 aliaque
1220 637 1267 663 ex
1299 630 1431 663 vetere
1470 626 1658 664 memoria
1696 638 1761 677 pe-

194 686 276 723 tita.
320 685 504 735 quotiens
537 696 601 722 res
640 683 832 735 locusque
865 684 1041 735 exempla
1074 685 1175 722 recti
1208 689 1274 722 aut
1307 683 1450 722 solacia
1488 684 1580 723 mali
1611 690 1763 736 poscet,

194 743 295 782 haud
331 743 500 782 absurde
532 742 852 782 memorabimus.

122 802 179 843 52

312 803 481 841 Antonio
515 802 764 853 ducibusque
797 803 969 853 partium
1002 802 1201 852 praemitti
1234 802 1389 852 equites
1416 813 1651 852 omnemque
1671 801 1762 840 Um·

194 861 321 900 briam
366 861 561 912 explorari
611 861 776 913 placuit,
828 862 861 900 si
905 873 981 911 qua
1025 861 1249 912 Appennini
1292 861 1383 910 iuga
1424 859 1659 899 clementius
1697 861 1761 900 ad-

194 921 367 972 irentur3
400 921 520 958 acciri
547 919 698 971 aquilas
725 921 932 971 signaque,
966 924 1005 958 et
1032 919 1224 970 quidquid
1250 918 1426 958 Veronae
1454 919 1624 958 militum
1650 920 1765 972 foret,

193 978 424 1030 Padumque
458 984 497 1017 et
529 991 636 1017 mare
665 979 951 1018 commeatibus
985 978 1187 1029 compleri.
1239 983 1351 1016 erant
1383 979 1488 1017 inter
1520 978 1661 1031 duces,
1695 980 1764 1030 qui

157 1048 172 1073 5
194 1042 401 1077 necterent
432 1050 581 1076 moras:
626 1039 771 1089 quippe
805 1039 950 1076 nimius
983 1038 1060 1075 iam
1093 1038 1288 1076 Antonius
1328 1042 1367 1076 et
1399 1039 1570 1076 certiora
1602 1050 1649 1076 ex
1681 1037 1763 1077 Mu-

193 1098 305 1135 ciano
345 1096 618 1148 sperabantur.

238 1226 270 1258 4.
298 1222 491 1274 honorare]
525 1222 548 1258 i.
577 1233 607 1257 e.
634 1222 773 1257 honore
808 1221 939 1256 habito

190 1280 428 1304 remunerari.

235 1317 332 1351 ratio
359 1316 458 1362 belli]
489 1316 564 1351 ‘die
584 1316 859 1361 Kriegsraison,
880 1315 939 1350 die

188 1362 309 1398 Natur
336 1363 401 1398 des
427 1363 609 1408 Krieges’.
649 1363 734 1409 Vgl.
756 1363 818 1407 IV,
834 1367 891 1408 63,
906 1367 938 1399 4.

190 1410 292 1446 Caes.
320 1411 354 1444 b.
383 1410 424 1445 G.
451 1410 552 1453 VIII,
581 1415 612 1453 6,
640 1414 672 1445 4.
705 1425 708 1427 Α

238 1462 270 1492 5.
304 1458 537 1502 distulerant]
578 1458 689 1492 Ratio
721 1457 938 1502 plusquam-

188 1504 347 1548 perfecti
373 1505 466 1539 haec
493 1506 559 1548 est,
587 1505 698 1549 quod,
725 1515 820 1549 quae
839 1516 939 1539 nunc

190 1551 339 1586 demum
360 1562 425 1596 per
440 1551 708 1596 digressionem
728 1553 938 1595 narrantur,

190 1599 265 1633 iam
310 1598 454 1643 pridem
501 1600 675 1645 proxima
720 1600 796 1635 acie
839 1599 940 1634 facta

190 1647 285 1680 sunt.
337 1645 549 1680 Doderlein.
600 1645 702 1690 Fi'ige
739 1646 790 1680 im
824 1646 936 1680 Deut-

191 1693 303 1727 sehen
333 1693 473 1737 ‘gleich
501 1693 660 1728 damals’
691 1693 812 1729 hinzu.
851 1693 938 1738 Vgl.

191 1752 235 1774 zu
261 1739 305 1783 II,
333 1744 364 1783 5,
395 1745 447 1775 12.

237 1788 435 1832 tamquam]
461 1788 584 1822 ‘unter
604 1787 689 1822 dem
708 1787 937 1832 Vorgeben’.

193 1834 227 1869 S.
255 1846 299 1869 zu
325 1835 387 1878 IV,
416 1838 470 1877 19,
500 1839 555 1869 13.
763 1870 769 1884 x

239 1885 269 1916 6.
292 1882 572 1927 exsolverentur]
598 1882 652 1916 ‘es
673 1882 750 1916 ihm
766 1882 939 1926 abgetra-

190 1939 273 1973 gen,
300 1929 377 1962 ihm
401 1929 596 1973 vergolten
617 1929 765 1964 werden
785 1929 936 1965 ko'nne'.

235 1976 351 2022 ultra]
380 1976 469 2010 Was
489 1977 619 2011 weiter
639 1977 771 2011 daraus
798 1987 937 2021 gewor-

191 2022 264 2057 den
290 2022 351 2067 ist,
378 2023 470 2058 wird
496 2023 601 2058 nicht
627 2023 822 2059 berichtet.

239 2074 270 2105 7.
304 2071 405 2114 apud
429 2070 660 2117 Ianiculum]
695 2070 747 2104 im
772 2071 804 2105 J.
833 2074 876 2105 87
903 2083 936 2106 v.

191 2117 275 2152 Chr.
335 2117 547 2152 Denselben
586 2117 719 2152 Greuel
759 2118 939 2152 schildert,

192 2164 256 2199 der
278 2164 514 2207 Epitomator
535 2165 599 2200 des
619 2164 746 2199 Livius
768 2169 822 2207 79,
848 2164 937 2198 Gra-

191 2212 272 2246 nius
298 2211 510 2249 Licinianus
542 2223 576 2256 p.
605 2216 649 2247 25
683 2212 753 2256 (ed.
782 2212 936 2254 Teubn.)

190 2259 266 2292 und
286 2259 369 2295 Val.
390 2260 486 2294 Max.
507 2259 552 2303 V,
573 2263 606 2303 5,
627 2264 660 2302 4,
687 2271 756 2293 nur
776 2258 856 2293 dass
878 2259 936 2293 die

190 2305 325 2340 beiden
376 2306 554 2341 letzteren
618 2307 688 2341 den
743 2306 936 2350 getoteten

192 2354 304 2387 Manu
332 2353 414 2388 dem
449 2353 636 2388 Heerteile
664 2354 727 2388 des
756 2353 937 2388 Sertorius

192 2400 391 2443 zuweisen,
432 2401 496 2435 der
529 2400 672 2435 damals
712 2400 777 2435 auf
813 2399 939 2434 Seiten

193 2447 328 2481 Cinnas
356 2448 468 2482 foebi..
508 2446 592 2492 Vgl.
619 2448 727 2489 noch,
754 2458 829 2482 was
851 2447 937 2481 Tac.

195 2504 224 2527 c.
249 2497 294 2528 25
322 2493 516 2537 berichtet,
538 2495 612 2529 und
634 2495 694 2529 die
715 2495 857 2529 Seenen
877 2494 937 2528 bei

196 2540 330 2575 Lucan.
359 2541 485 2578 Phars.
513 2543 546 2583 Ι,
574 2546 642 2577 375
669 2542 745 2587 fgg.

241 2592 271 2622 9.
299 2589 433 2633 ipsum]
462 2600 602 2623 warum
630 2589 734 2624 nicht,
752 2590 840 2633 ipse,
866 2588 935 2623 wie

192 2634 255 2676 IV,
285 2639 338 2677 11,
368 2639 410 2669 16
437 2636 558 2670 steht?

241 2682 286 2716 L.
316 2681 505 2717 Cornelius
532 2683 700 2725 Sisenna,
725 2683 856 2717 Prator
883 2686 939 2726 78,

193 2730 391 2773 gestorben
423 2730 490 2764 auf
512 2730 622 2764 Creta
648 2730 703 2765 als
730 2730 849 2775 Legat
875 2730 940 2763 des

193 2776 393 2820 I'ompejus
431 2777 482 2811 im
516 2776 850 2822 Seeri'iuberkriege
885 2780 940 2818 67,

193 2823 385 2858 Vei-fasser
423 2824 524 2858 einer
558 2823 781 2859 Geschichte
821 2823 941 2858 seiner

193 2869 275 2904 Zeit
300 2871 337 2905 in
364 2871 689 2907 altertiimelndem
718 2871 819 2906 Stile.

682 1109 852 1148 namque
890 1096 1097 1135 Mucianus
1130 1101 1210 1134 tam
1248 1095 1369 1135 celeri
1406 1097 1571 1135 victoria
1609 1098 1763 1149 anxius,

1064 1225 1117 1256 10.
1144 1220 1263 1267 tanto]
1290 1221 1411 1256 woftir
1433 1222 1551 1257 'altere
1570 1221 1764 1268 Klaspiker

1013 1269 1103 1304 adeo
1129 1279 1254 1313 sagen.

1061 1316 1184 1350 acrior
1212 1315 1473 1359 ‘lebendiger’.

1063 1366 1116 1397 11.
1134 1373 1177 1397 ecc
1189 1366 1302 1397 vetere
1312 1362 1484 1397 memoria
1496 1362 1626 1408 petita]
1645 1362 1762 1407 ‘Ziige

1014 1421 1079 1445 aus
1107 1410 1202 1444 alter
1229 1408 1338 1444 Zeit'.

1063 1460 1116 1490 12.
1132 1456 1235 1502 recti]
1252 1456 1274 1491 i.
1292 1467 1322 1491 e.
1338 1455 1497 1500 honesti,
1514 1456 1594 1491 ‘des
1609 1456 1761 1500 Guteu’,

1012 1504 1082 1538 wie
1115 1504 1183 1546 IV,
1217 1507 1238 1537 5
1270 1505 1359 1539 recti
1383 1505 1584 1548 pervieaoe;
1619 1503 1706 1549 Agr.
1742 1507 1759 1538 1

1011 1552 1262 1595 iqnorantiam
1287 1552 1376 1586 recti
1395 1554 1427 1585 et
1446 1551 1645 1594 invidiam3
1672 1552 1760 1587 Hor.

1013 1598 1072 1632 od.
1100 1597 1160 1641 IV,
1188 1602 1221 1641 4,
1249 1602 1295 1633 34
1320 1599 1409 1633 recti
1434 1599 1562 1633 cultus.

1055 1646 1191 1690 poscet]
1209 1645 1453 1680 Gewohnlich
1467 1645 1603 1681 nimmia
1615 1656 1764 1690 poscere

1011 1693 1063 1726 im
1094 1692 1344 1735 Nebensatze,
1377 1703 1484 1727 wenn
1515 1704 1572 1728 res
1604 1692 1763 1738 Subjekt:

1011 1740 1078 1783 ist,
1106 1740 1193 1774 kein
1221 1739 1360 1784 Objekt
1385 1751 1430 1773 zu
1456 1739 1547 1775 sich.

1062 1791 1116 1821 13.
1149 1787 1249 1822 haud
1282 1787 1438 1822 absurde
1469 1787 1761 1833 memorabimus]

1014 1834 1077 1868 ‘zu
1098 1834 1297 1869 erwtihnen
1316 1834 1408 1868 wird
1429 1833 1636 1869 schicklich
1650 1833 1758 1870 sein'.

1060 1880 1123 1916 52.
1151 1885 1183 1915 2.
1210 1881 1259 1927 si]
1287 1893 1313 1916 s.
1342 1893 1387 1916 zu
1412 1892 1442 1916 c.
1469 1885 1531 1925 30,
1560 1885 1589 1916 7.

1052 1929 1284 1974 clementius]
1333 1928 1357 1964 i.
1396 1939 1428 1963 e.
1467 1927 1608 1963 leniore
1648 1928 1762 1963 clivo.

1013 1975 1054 2011 G.
1086 1980 1102 2010 1
1132 1976 1316 2011 elementer
1343 1976 1437 2010 edito
1461 1976 1559 2020 iuqo.

1060 2023 1162 2057 adiri
1190 2023 1429 2067 ‘zugtinglich
1455 2023 1563 2059 sein’.

1059 2074 1091 2105 3.
1127 2070 1303 2115 Veronae]
1331 2081 1358 2105 s,
1388 2081 1417 2105 c.
1445 2073 1500 2104 50.

1060 2120 1090 2151 5.
1118 2128 1238 2152 moras
1263 2121 1400 2152 nectere
1425 2116 1509 2160 (wie
1535 2115 1597 2161 IV,
1624 2120 1680 2160 68,
1703 2120 1759 2152 16.

1011 2163 1093 2199 Seu.
1122 2164 1166 2198 de
1192 2164 1248 2198 ira
1272 2163 1336 2207 III,
1364 2165 1423 2208 39)
1451 2176 1477 2199 s.
1505 2176 1535 2198 v.
1557 2175 1589 2198 a.
1616 2174 1760 2198 moram

1011 2222 1055 2245 ex
1075 2221 1180 2245 mora
1202 2211 1450 2255 interponere,
1473 2210 1620 2245 ‘immer
1639 2222 1759 2246 neuen

1010 2258 1231 2292 Aufenthalt,
1267 2258 1462 2293 bereiten’.
1524 2257 1609 2303 Vgl.
1646 2258 1757 2302 Verg.

1012 2306 1102 2339 Aen.
1131 2305 1193 2350 IV,
1221 2308 1263 2340 51
1297 2315 1496 2350 causasque
1521 2305 1758 2341 innectemo-

1011 2353 1134 2388 randi.

1058 2399 1210 2445 nirnius]
1239 2398 1423 2444 περισσός,
1452 2399 1756 2443 ‘iibermiichtig’.

1011 2446 1098 2491 Agr.
1128 2451 1146 2480 7
1182 2448 1315 2491 quippe
1347 2447 1474 2490 leyatis
1506 2456 1643 2490 quoque
1674 2456 1758 2481 con-

1010 2494 1198 2528 sularibus
1222 2495 1340 2528 nimia
1359 2505 1403 2529 ac
1426 2494 1662 2536 formidolosa
1681 2496 1760 2528 erat

1011 2541 1160 2585 (legi0);
1186 2540 1281 2576 Vell.
1309 2541 1360 2584 II,
1388 2544 1432 2575 32
1462 2540 1674 2585 Pompeium
1698 2541 1757 2575 ni-

1010 2589 1123 2623 mium
1148 2590 1223 2623 iam
1248 2589 1302 2623 rei
1325 2588 1501 2631 publicae.

1060 2636 1228 2680 certiora]
1246 2635 1445 2669 ‘sicherere
1459 2633 1758 2679 Belohnungen’.

1013 2682 1096 2727 Vgl.
1124 2683 1169 2725 V,
1198 2687 1240 2717 16
1261 2683 1431 2727 praemia
1457 2685 1489 2716 et
1514 2682 1613 2727 quies
1637 2692 1758 2726 spera-

1015 2730 1133 2765 batur.

1061 2788 1104 2810 em
1132 2777 1330 2822 Muciano]
1357 2786 1467 2821 quem
1493 2775 1592 2820 apud
1618 2775 1757 2819 Vespa-

1016 2823 1159 2857 sianum
1198 2823 1420 2859 auctoritate
1465 2821 1628 2857 Antonio
1672 2822 1757 2866 plus

1016 2871 1141 2905 valere
1170 2870 1241 2905 sibi
1268 2870 1542 2916 persuaserant.
