1859 3182
102 958 159 1000 36

182 77 266 118 136

707 77 867 112 TACITI
892 78 1232 114 HISTORIARUM

177 187 279 238 apud
319 188 428 238 signa
473 186 654 239 militem,
705 200 811 226 arma
856 190 895 226 in
941 188 1149 241 vehiculis,
1202 193 1365 227 cunctos
1409 189 1566 229 licentia
1611 204 1745 245 vagos,

177 247 420 296 compositus
453 246 618 297 invadit,
658 248 905 298 praemissis,
944 249 1011 298 qui
1043 253 1183 298 pontes
1216 253 1255 286 et
1291 248 1443 286 viarum
1482 255 1647 300 angusta
1684 252 1744 289 in-

176 305 362 343 siderent.
406 309 622 355 pugnatum
655 305 771 355 longo
802 307 955 356 agmine
982 311 1021 345 et
1047 309 1198 345 incerto
1219 306 1363 356 Marte,
1396 307 1520 346 donec
1546 309 1741 359 proelium

124 375 156 399 10
177 376 252 401 nox
286 363 501 402 dirimeret.
553 364 736 402 cohortes
770 364 986 403 Geldubam
1017 377 1247 416 perrexere,
1279 366 1548 418 manentibus,
1584 373 1628 406 ut
1660 368 1741 406 fue-

175 428 287 474 rant,
334 423 491 473 castris,
538 435 637 473 quae
675 423 906 462 relictorum
944 423 1023 462 illio
1065 424 1230 462 militum
1264 424 1460 474 praesidio
1492 426 1742 465 tenebantur.

175 493 255 519 non
289 486 373 519 erat
405 480 587 533 dubium,
621 487 811 532 quantum
845 483 885 520 in
911 495 1096 533 regressu
1123 483 1363 521 discriminis
1390 483 1611 524 adeundum
1640 485 1743 524 foret

175 540 528 578 frumentatoribus
569 542 722 579 onustis
767 541 1052 592 perculsisque.

1116 542 1223 580 addit
1261 543 1454 581 exercitui
1492 555 1563 582 suo
1595 543 1740 583 Vocula

174 598 280 636 mille
314 598 487 637 delectos
520 611 541 637 e
575 601 710 650 quinta
757 604 796 638 et
835 601 969 651 quinta
1001 600 1165 639 decuma
1204 600 1426 651 legionibus
1465 602 1567 653 apud
1600 602 1741 641 Vetera

121 669 154 695 15
175 657 365 709 obsessis,
404 657 640 696 indomitum
678 658 842 697 militem
875 664 914 698 et
952 659 1120 698 ducibus
1158 660 1368 699 infensum.
1429 660 1581 713 plures,
1624 673 1741 712 quam

174 717 327 755 iussum
373 723 474 767 erat,
520 717 688 767 profecti
731 717 857 768 palam
902 719 942 756 in
987 720 1140 769 agmine
1179 718 1399 757 fremebant
1436 731 1515 758 non
1555 732 1596 758 se
1637 720 1740 759 ultra

174 775 334 827 famem,
366 776 529 814 insidias
562 776 780 826 legatorum
806 776 1061 816 toleraturos:
1094 783 1133 815 at
1160 778 1228 828 qui
1248 783 1536 830 remanserant,
1563 779 1741 818 desertos

172 847 216 873 se
230 837 494 885 proditosque
521 834 687 873 abducta
716 841 828 885 parte
848 835 1047 886 legionum
1068 835 1348 887 querebantur.
1399 837 1543 888 duplex
1563 837 1656 877 hinc
1683 849 1741 876 se-

174 892 289 945 ditio,
322 893 405 931 aliis
437 893 716 932 revocantibus
745 894 946 946 Voculam,
976 895 1062 933 aliis
1083 895 1213 933 redire
1240 897 1280 933 in
1308 901 1436 934 castra
1463 895 1741 936 abnuentibus,

294 951 456 990 Interim
502 952 635 991 Civilis
681 952 821 992 Vetera
863 954 1136 993 circumsedit:
1188 954 1330 993 Vocula
1370 954 1586 994 Geldubam
1624 961 1742 1006 atque

221 1103 253 1134 8.
275 1100 506 1146 compositus]
531 1101 583 1135 ‘in
605 1103 712 1146 guter
727 1101 920 1145 Ordnung’

172 1147 232 1181 fiir
246 1149 452 1192 compositis
472 1149 664 1183 ordinibus
686 1150 729 1193 (e.
746 1151 817 1193 33),
837 1160 923 1183 vom

173 1195 315 1229 Fiihrer
336 1196 428 1229 statt
443 1206 516 1230 von
531 1195 601 1230 den
617 1195 805 1240 Truppen,
826 1197 923 1231 nach

174 1242 260 1277 dem
285 1242 464 1287 Vorgang
489 1254 562 1278 von
588 1242 666 1278 Liv.
693 1243 737 1287 X,
764 1247 820 1286 34,
847 1247 880 1278 5.

221 1291 368 1325 viarum
411 1289 586 1336 angusta]
620 1290 713 1325 statt
750 1292 832 1325 vias
857 1302 922 1325 au-

173 1340 320 1382 9ustas;
347 1348 373 1372 s.
401 1349 444 1371 zu
464 1337 528 1381 HI,
548 1341 606 1380 42,
628 1341 660 1372 2.
712 1337 784 1371 Zur
804 1336 922 1372 Sache

172 1385 222 1418 ist
254 1397 299 1419 zu
330 1384 549 1427 bemerken,
583 1384 684 1428 dass,
717 1395 824 1419 wenn
860 1385 924 1419 der

174 1431 371 1466 Ausdruck
397 1432 506 1466 keine
533 1432 672 1466 Phrase
699 1432 775 1466 und
800 1432 922 1466 rheto-

172 1479 293 1513 rische
319 1478 612 1523 Allgemeinheit
649 1479 714 1521 ist,
747 1478 923 1522 schmale,

172 1526 264 1560 uber
309 1525 368 1561 die
411 1525 617 1570 sumpfigen
660 1525 924 1570 Niederungen

173 1573 346 1618 geffihrte
379 1573 690 1608 Bohlenbriicken
717 1573 836 1607 damit
860 1584 923 1617 ge-

173 1620 292 1655 meint
330 1619 430 1663 sind,
472 1620 520 1654 da
552 1620 618 1654 das
651 1619 805 1654 Terrain
841 1619 923 1654 zwi-

175 1668 286 1702 schen
326 1667 420 1702 Gelb
459 1666 535 1701 und
574 1667 723 1701 Xanten
761 1662 821 1701 die
860 1678 921 1712 ge-

175 1714 387 1749 wohnliche
403 1713 613 1758 Erkliirung
631 1714 801 1749 ‘'Defilee
817 1713 924 1749 nicht

175 1761 320 1796 zulasst.

223 1813 277 1844 10.
306 1808 522 1853 Geldubam]
558 1819 613 1843 wo
647 1809 706 1843 die
739 1808 922 1853 Lagerbe-

175 1856 413 1901 festigungen
435 1857 478 1900 (c.
501 1856 560 1899 26)
588 1856 683 1890 noch
707 1856 924 1890 vorhanden

172 1914 307 1938 waren.
372 1903 443 1937 Zur
480 1902 701 1947 Bedeutung
740 1903 835 1938 ‘sich
867 1914 923 1937 er-

173 1951 302 1985 halten
328 1950 472 1993 haben,
505 1951 600 1985 noch
628 1950 822 1986 bestehen'
850 1961 924 1985 von

172 2009 317 2033 manere
342 1998 416 2042 vgl.
444 1999 486 2032 A.
513 1998 563 2039 ΙΙ,
592 2001 637 2032 60
672 2001 704 2033 et
728 1998 924 2032 manebant

174 2046 322 2080 structis
354 2045 509 2080 molibus
546 2046 671 2080 literae
702 2045 924 2091 Aeyyptiae;

174 2103 204 2127 c.
244 2095 289 2126 83
332 2093 503 2137 pleraque
540 2096 709 2127 manerat:
747 2093 924 2137 quaedam

172 2140 298 2175 statim
341 2140 473 2174 omissa
516 2143 602 2174 sunt
652 2143 717 2174 aut
766 2143 923 2174 vetustas

172 2187 379 2222 obliteravit
388 2200 401 2229 ;
428 2186 493 2230 IV,
518 2190 562 2220 43
589 2190 821 2222 monumenta
847 2188 923 2221 eius

172 2235 227 2269 rei
253 2260 260 2267 .
283 2263 290 2270 .
313 2263 320 2270 .
347 2244 511 2276 marzere;
536 2232 616 2277 XV,
636 2238 693 2268 42.
739 2234 786 2268 So
807 2234 922 2268 sehon

172 2281 235 2316 bei
261 2280 335 2316 Cio.
364 2292 437 2316 acc.
465 2281 503 2315 in
529 2280 633 2316 Verr.
661 2281 693 2316 V
720 2285 739 2323 ἓ
769 2285 846 2316 186.
885 2293 920 2325 p.

172 2330 279 2363 Rosc.
313 2328 395 2363 Am.
429 2332 448 2370 ξ
481 2332 544 2370 27;
581 2327 683 2363 Caes.
717 2328 751 2363 b.
785 2327 827 2362 Gr.
861 2328 922 2370 VI,

173 2379 230 2419 32,
258 2378 288 2410 5.
340 2375 450 2420 Verg.
477 2374 569 2411 Aen.
597 2375 641 2419 ΙΙ,
669 2379 724 2410 56.
751 2375 813 2419 IV,
841 2379 921 2409 312.

220 2423 387 2468 fueraut]
416 2423 528 2458 naml.
559 2422 630 2457 ‘bis
658 2423 800 2458 dahin'.

223 2474 277 2504 13.
310 2471 501 2514 perculsus
534 2470 629 2504 ohne
662 2473 795 2505 terrore
829 2469 920 2504 ‘ein-

173 2516 448 2561 geschiichtert,
457 2517 688 2561 entmutigt’·,
698 2517 767 2551 wie
782 2527 810 2552 c,
823 2520 878 2559 30,
888 2520 919 2552 4.

174 2568 230 2605 66,
260 2567 319 2605 16;
346 2564 421 2609 vgl.
450 2576 479 2598 c.
504 2568 547 2598 70
574 2575 615 2599 ea
641 2565 742 2599 clade
761 2564 923 2608 perculsi

175 2611 330 2646 Treveri.

223 2661 276 2692 14.
304 2658 467 2703 delectos]
496 2670 521 2693 s.
549 2670 593 2693 zu
612 2658 656 2701 ΙΙ,
683 2662 740 2701 57,
767 2662 798 2692 5.
825 2648 925 2692 Uber

174 2705 245 2740 den
270 2704 397 2739 Plural
423 2706 623 2750 Ieyiortibus
644 2717 670 2739 s.
692 2718 735 2740 zu
756 2705 781 2749 l,
811 2709 864 2749 18,
892 2709 924 2740 9.

225 2753 341 2797 apud]
371 2764 396 2786 s.
426 2764 468 2786 zu
495 2752 522 2796 I,
549 2756 606 2795 49,
636 2756 689 2787 15.

227 2803 279 2835 15.
322 2800 486 2845 obsessis]
520 2800 542 2835 i.
578 2812 604 2834 e.
634 2810 729 2843 quae
757 2800 925 2834 obsessae

172 2846 332 2881 fuerant.

1046 1106 1099 1138 16.
1134 1103 1271 1137 iussum
1303 1103 1396 1148 erat]
1424 1104 1520 1138 nach
1548 1103 1635 1138 Sall.
1662 1104 1742 1148 Iug.

997 1153 1058 1192 62,
1087 1153 1106 1183 7
1134 1150 1228 1183 statt
1262 1150 1327 1184 der
1357 1151 1617 1194 personlichen
1644 1151 1742 1186 Kon-

997 1195 1185 1231 struktion
1201 1196 1348 1231 beiden
1363 1197 1505 1232 alteren
1512 1197 1742 1242 Klassikern,

995 1243 1066 1278 wie
1092 1243 1144 1287 V,
1171 1247 1226 1286 21,
1254 1247 1286 1278 9.
1319 1246 1361 1278 A.
1389 1244 1439 1288 II,
1466 1248 1522 1280 40.
1554 1245 1657 1289 XIV,
1685 1249 1741 1282 62.

995 1292 1082 1334 Agr.
1124 1294 1178 1325 10.
1225 1289 1326 1326 Caes.
1367 1292 1401 1326 b.
1436 1290 1478 1326 G.
1510 1291 1577 1337 VI,
1617 1296 1679 1336 30,
1722 1297 1741 1328 1

995 1338 1071 1371 und
1098 1338 1142 1381 V,
1171 1341 1208 1381 7,
1237 1341 1257 1372 9
1288 1339 1372 1383 sagt
1397 1342 1439 1374 ut
1457 1338 1674 1384 imperatu'm
1694 1344 1745 1375 est

999 1388 1118 1429 (erat).

1046 1441 1100 1472 17.
1128 1437 1308 1473 Bemerke
1341 1438 1406 1473 das
1432 1440 1650 1483 Asyndeton
1683 1442 1741 1484 fa-

996 1496 1085 1519 mem
1122 1504 1166 1510 -
1205 1486 1364 1520 insidias
1413 1485 1592 1531 (‘Ranke,
1638 1488 1744 1522 Intri-

997 1532 1138 1576 guen').

1045 1585 1197 1620 desertos
1216 1596 1251 1620 se
1263 1586 1514 1632 proditosque]
1539 1587 1623 1631 Vgl.
1640 1587 1742 1625 Caes.

998 1633 1032 1666 b.
1061 1643 1091 1665 c.
1120 1632 1172 1674 ΙΙ,
1209 1637 1271 1676 32,
1307 1637 1325 1667 7
1352 1634 1507 1668 desertos
1531 1645 1567 1669 se
1593 1646 1636 1670 ac
1660 1647 1743 1679 pro-

995 1680 1090 1713 ditos
1130 1691 1152 1714 a
1184 1680 1284 1714 vobis
1315 1680 1462 1723 dicunt;
1498 1680 1578 1716 Liv.
1611 1681 1742 1726 XXVI,

999 1730 1058 1765 12
1092 1730 1114 1760 4
1145 1728 1292 1761 relictos
1323 1738 1358 1762 se
1389 1729 1620 1773 desertosque.
1673 1730 1746 1765 Zur

996 1772 1252 1808 rhetorischen
1265 1773 1442 1819 H‘aufung
1456 1775 1520 1810 der
1530 1775 1745 1821 Synonyma

996 1821 1071 1865 vgl.
1082 1820 1107 1863 Ι,
1120 1824 1163 1855 72
1173 1822 1327 1856 eiusdem
1341 1823 1497 1857 desertor
1504 1834 1547 1857 ac
1554 1825 1745 1867 proditom

997 1867 1048 1914 ΙΙ,
1075 1872 1132 1910 44,
1159 1871 1180 1902 8
1207 1869 1417 1904 desertorem
1440 1871 1742 1916 proditoremque

996 1907 1160 1949 Ahnlich
1185 1915 1218 1958 Ι,
1244 1919 1289 1950 88
1320 1917 1500 1952 occultare
1531 1920 1564 1952 et
1596 1919 1744 1963 abdere,-

997 1963 1048 2004 II,
1077 1966 1120 1997 77
1159 1964 1296 2006 aperiet
1330 1967 1362 1998 et
1391 1965 1567 2008 recludet,
1604 1965 1673 2009 III,
1700 1947 1744 2000 22

996 2010 1128 2044 hostem
1136 2011 1338 2054 profliyare
1351 2021 1394 2045 ae
1402 2021 1596 2055 proruere;
1621 1993 1684 2057 IV'‚
1701 2017 1744 2048 17

996 2058 1121 2099 fusum
1151 2058 1354 2102 victumque
1383 2057 1591 2094 Romanum
1598 2072 1611 2102 ;
1643 2070 1672 2094 c.
1700 2063 1745 2095 57

996 2105 1146 2148 spoliati
1177 2105 1362 2150 exutique,
1399 2116 1428 2140 c.
1462 2109 1508 2140 50
1539 2117 1608 2150 per
1639 2118 1746 2142 arma

996 2155 1101 2196 atque
1121 2152 1231 2193 aeie33
1261 2164 1289 2187 c.
1318 2155 1363 2187 58
1378 2154 1558 2196 proelium
1578 2156 1611 2188 et
1630 2155 1745 2192 aciesa

996 2198 1027 2242 I,
1061 2202 1105 2233 46
1140 2199 1334 2234 latrocinia
1367 2203 1398 2234 et
1430 2204 1575 2244 raptus3
1615 2200 1666 2243 Π,
1699 2205 1744 2236 33

996 2256 1155 2280 summae
1192 2257 1313 2280 rerum
1350 2250 1381 2280 et
1418 2247 1564 2291 imperii
1571 2261 1578 2289 ;
1617 2247 1670 2291 II,
1698 2252 1742 2282 21

991 2294 1226 2337 pao-cyrinum
1257 2296 1290 2328 et
1318 2296 1514 2330 externum.
1567 2295 1601 2330 S.
1628 2294 1743 2330 Drae—

997 2351 1074 2384 ger,
1102 2340 1205 2384 Synt.
1233 2343 1252 2382 ξ
1279 2343 1359 2374 242.

1047 2397 1102 2428 18.
1128 2393 1229 2439 binc]
1257 2405 1283 2429 s.
1311 2405 1354 2427 zu
1382 2393 1443 2437 ΙΙΙ,
1471 2398 1527 2439 68,
1558 2399 1610 2432 17
1653 2394 1655 2397 ’

1046 2456 1102 2486 19.
1144 2451 1334 2498 Voculam]
1373 2452 1582 2488 Geldubam
1620 2465 1744 2500 mgr-e

995 2499 1169 2534 dientem.

1043 2553 1144 2598 aliis]
1185 2551 1248 2596 qui
1279 2552 1421 2587 iniussu
1454 2553 1619 2589 Voculae
1658 2566 1742 2599 pro—

995 2599 1083 2634 fecti
1127 2612 1171 2634 ex
1209 2599 1341 2634 itinere
1374 2599 1416 2634 'in
1454 2602 1576 2636 castra
1609 2601 1749 2638 Vetera

996 2646 1293 2681 remittebantur.

1046 2706 1109 2741 36.
1139 2709 1168 2741 1.
1195 2705 1366 2751 Interim]
1394 2705 1416 2741 i.
1439 2717 1469 2740 e.
1492 2706 1579 2741 dum
1603 2707 1746 2743 Vocula

1001 2752 1210 2788 Geldubam
1266 2752 1512 2797 proficiscitur
1561 2753 1746 2790 militibus

1001 2799 1197 2844 imperium
1220 2799 1514 2835 detrectantibus
1542 2803 1580 2836 et
1606 2802 1745 2837 tumul-

957 2879 959 2881 ,
1001 2847 1204 2882 tuantibus.
