1859 3182
190 91 246 134 66
721 90 885 126 TACITI
910 90 1248 127 HISTORIARUM

155 210 171 236 5
192 209 339 244 tantam
374 202 610 253 Vespasiano
645 201 890 254 superbiam,
922 207 966 240 ut
998 203 1193 253 privatum
1227 201 1426 241 Vitellium
1459 207 1680 255 pateretur,
1713 215 1763 242 ne

191 265 317 302 victos
352 261 512 313 quidem
543 261 711 300 laturos:
750 262 803 300 ita
835 260 1058 312 periculum
1090 273 1138 300 ex
1169 261 1454 300 misericordia.
1506 263 1637 312 ipsum
1670 274 1764 301 sane

192 333 328 361 senem
360 326 400 360 et
432 322 635 371 prosperis
668 320 924 371 adversisque
964 321 1165 373 satiatum3
1205 320 1271 359 sed
1307 320 1413 371 quod
1445 332 1608 372 nomen,
1647 333 1764 372 quem

193 386 339 421 statum
372 379 451 418 filio
485 381 571 418 eius
605 379 838 419 Germanico
872 377 988 419 fore?
1032 392 1137 418 nunc
1176 380 1385 431 pecuniam
1424 385 1463 418 et
1502 379 1687 419 familiam
1726 385 1764 419 et

192 440 328 479 beatos
356 438 589 490 Campaniae
617 440 728 478 sinus
754 439 950 490 promitti:
984 443 1044 477 set
1075 438 1144 477 ubi
1170 439 1383 490 imperium
1417 437 1679 489 Vespasianus
1706 440 1763 477 in-

140 505 174 530 10
195 499 350 550 vaserit,
382 510 462 537 non
488 499 582 550 ipsi,
614 510 694 537 non
728 498 864 537 amicis
897 498 1000 550 eius,
1033 509 1112 536 non
1145 498 1315 549 denique
1349 497 1591 537 exercitibus
1617 499 1765 537 securi-

192 563 312 597 tatem
357 558 435 596 nisi
480 558 675 596 exstincto
721 556 874 596 aemulo
919 556 1149 596 redituram.
1212 556 1378 596 Fabium
1427 556 1506 595 illis
1550 556 1765 609 Valentem,

192 619 390 668 captivum
423 621 462 655 et
494 615 652 656 casibus
685 616 817 655 dubiis
849 621 1112 668 reservatum,
1152 628 1407 667 praegravem
1439 615 1580 668 fuisse,
1618 616 1766 655 nedum

192 677 349 716 Primus
377 688 420 714 ac
447 675 601 715 Fuscus
629 680 667 714 et
694 676 896 727 specimen
922 677 1095 727 partium
1121 675 1326 714 Mucianus
1354 674 1473 714 ullam
1498 676 1540 714 in
1566 674 1766 714 Vitellium

192 737 269 775 nisi
309 734 515 774 occidendi
553 734 754 774 licentiam
786 734 966 774 habeant.
1029 746 1107 773 non
1140 747 1161 773 a
1200 734 1366 773 Caesare
1397 733 1647 786 Pompeium,
1686 746 1766 773 non

139 801 172 826 15
193 794 240 833 ab
279 795 456 846 Augusto
495 794 711 833 Antonium
748 794 966 833 incolumes
1012 787 1190 846 relictos,
1235 794 1311 832 nisi
1356 793 1457 832 forte
1502 793 1766 845 Vespasianus

192 854 352 893 altiores
386 854 550 905 spiritus
583 859 710 906 gerat,
743 852 874 892 Vitelli
906 853 1048 905 cliens,
1084 865 1174 891 cum
1207 851 1387 891 Vitellius
1421 851 1569 904 collega
1600 852 1763 892 Claudio

242 983 272 1014 5.
324 982 465 1014 tantam
514 979 738 1026 superbiam]
787 978 863 1015 ‘ein
902 989 941 1014 so

192 1027 310 1062 hohes
326 1026 610 1072 Selbstgefiihl'.
633 1026 817 1071 Superbia
842 1026 943 1062 steht

194 1073 276 1109 hier
302 1073 340 1108 in
366 1074 495 1118 gutem
524 1073 648 1117 Sinne,
677 1074 747 1109 wie
767 1074 855 1110 Hor.
883 1074 942 1111 od.

192 1120 261 1165 ΙΙΙ,
289 1125 353 1164 30,
389 1125 432 1155 14
466 1132 565 1157 sume
595 1122 804 1167 superbiam
836 1132 943 1166 quae-

191 1170 301 1205 sitam
326 1169 475 1204 meritis.

234 1216 440 1262 privatum]
488 1215 574 1250 Non
611 1216 704 1251 adeo
743 1216 943 1261 superbum

197 1264 235 1298 et
273 1263 444 1308 potentia
479 1263 704 1307 fortunaque
747 1262 945 1298 temerarie

192 1310 329 1346 fretum
365 1321 444 1346 esse
471 1311 762 1356 Vespasianum,
794 1312 836 1345 ut
862 1322 946 1346 con-

192 1359 402 1403 tempturus
441 1360 539 1393 esset
579 1357 768 1393 aemulum
799 1357 947 1403 imperii

193 1406 321 1449 talem,
348 1405 469 1449 qualis
490 1404 677 1450 Vitellius,
705 1405 734 1439 si
763 1407 948 1450 superstes

193 1454 305 1495 esset,
365 1452 426 1487 vel
469 1452 636 1497 privatus
683 1454 794 1487 homo
839 1452 947 1487 foret.

192 1498 404 1535 Doderlein.

240 1558 285 1582 'ne
309 1547 423 1582 victos
448 1547 589 1591 quidem
617 1546 772 1592 laturos]
795 1557 843 1581 sc.
871 1545 944 1591 pri-

193 1595 333 1629 vatum.
385 1594 453 1628 Die
480 1593 645 1638 besiegte
666 1592 792 1628 Partei
820 1593 945 1628 wfirde

193 1641 300 1676 ihren
333 1641 434 1676 alten
460 1640 704 1686 Kriegsherrn
737 1641 852 1675 durch
885 1640 945 1675 ein

193 1688 546 1723 Pronunciamiento
594 1688 731 1723 wieder
771 1688 945 1733 auf„den

193 1735 318 1771 Thron
350 1748 392 1769 zu
425 1736 586 1770 erheben
613 1735 795 1770 trachten.
847 1734 946 1769 Uber

194 1794 238 1818 ne
259 1804 302 1808 —
323 1783 465 1827 quidem
486 1794 512 1818 s.
534 1795 577 1817 zu
596 1782 641 1827 ΙΙ,
665 1786 718 1824 15,
740 1787 772 1818 6.
803 1782 945 1817 Tiedke

193 1831 380 1866 vermutet
417 1841 461 1865 ue
498 1831 610 1865 victos
645 1831 787 1874 quidem
826 1831 946 1865 laturo

194 1878 268 1912 und
280 1876 384 1922 giebt
395 1877 488 1912 dazu
497 1876 555 1911 die
565 1876 792 1922 Erkl'arung:
806 1877 946 1921 Vespa-

194 1924 317 1960 sianus
350 1924 381 1959 si
413 1924 491 1959 acie
526 1924 692 1968 vicisset,
724 1925 850 1959 tamen
882 1924 946 1959 Vi-

194 1971 341 2007 tellium
380 1972 583 2015 occideret,
622 1972 759 2006 nedum
797 1971 945 2016 privato

194 2019 338 2054 homini
357 2019 457 2053 haud
477 2030 617 2064 parvae
639 2019 837 2054 etiamtum
857 2030 946 2054 anc-

193 2066 358 2102 toritatis
402 2068 549 2111 parcam
608 2067 782 2111 suspecta
830 2065 946 2111 igitur

194 2113 418 2158 Vespasiani
429 2113 692 2149 misericordia.
719 2113 948 2158 Abergegen

198 2160 259 2196 die
299 2160 509 2206 Erkl'arung
554 2172 626 2196 von
673 2161 784 2196 victos
830 2162 946 2195 durch

194 2209 227 2243 si
264 2209 341 2243 acie
378 2209 520 2243 vicisset
559 2208 700 2253 spricht
738 2208 853 2243 sehon
887 2208 946 2242 die

195 2255 457 2300 Bezeichnung
484 2254 709 2300 Vespasians
736 2255 791 2289 als
820 2255 948 2300 Sieger

196 2304 247 2346 (Z.
276 2306 297 2337 4
326 2304 364 2337 in
392 2303 543 2338 libidine
568 2303 741 2345 victoris).

244 2354 274 2385 6.
310 2350 576 2396 misericordia]
617 2362 664 2385 sc.
704 2349 782 2384 fore
809 2349 945 2394 Vespa-

196 2397 311 2433 siano.
363 2396 528 2432 Deshalb
561 2397 614 2432 sei
648 2397 717 2432 auf
745 2396 945 2441 Schonung

195 2455 267 2479 von
289 2444 407 2478 seiten
426 2444 619 2480 desselben
634 2444 820 2479 durchaus
841 2443 945 2479 nicht

194 2504 239 2526 zu
265 2492 437 2528 rechnen.

243 2542 275 2573 8.
317 2539 548 2585 Germanico]
587 2539 661 2584 vgl.
700 2538 751 2583 ΙΙ,
785 2542 827 2574 59
861 2549 944 2574 mox

195 2587 404 2620 uuiversum
442 2588 636 2621 exercitum
673 2596 857 2622 occurrere
888 2587 943 2620 iu-

195 2633 295 2675 fcmti
320 2634 397 2676 fillo
422 2634 520 2669 iubet
538 2635 791 2679 perlatumque
823 2636 854 2668 ct
877 2644 943 2677 pa-

198 2681 403 2715 ludamento
456 2685 618 2725 opertum
661 2682 747 2716 sinu
790 2681 948 2716 retinens

198 2727 455 2763 Germanicum
481 2729 692 2773 appellavit.
743 2719 842 2763 Uber
868 2727 947 2762 sein

196 2775 435 2811 Lebensende
463 2787 489 2810 s.
517 2775 578 2820 lV,
605 2779 660 2811 80.

246 2826 277 2857 9.
306 2823 429 2858 beatus
459 2823 679 2867 (ςεεεὲηθϋ.

248 2874 302 2904 11.
339 2870 493 2915 aetnulo]
527 2869 656 2914 Gegen
689 2869 748 2905 die
782 2869 947 2913 Vulgata

1016 979 1236 1014 aemulatore
1271 977 1413 1022 spricht
1445 978 1506 1012 die
1542 977 1767 1022 Thatsache,

1017 1025 1097 1060 dass
1129 1025 1190 1060 bei
1216 1025 1303 1060 Tac.
1337 1036 1383 1059 an
1417 1025 1518 1061 allen
1552 1029 1571 1060 'l
1599 1025 1763 1061 anderen

1017 1073 1161 1108 Stellen
1186 1073 1348 1107 aemulus
1374 1073 1485 1108 steht.

1067 1124 1120 1156 12.
1149 1120 1293 1155 casibus
1312 1120 1436 1155 dubiis
1455 1120 1689 1166 reservatum]
1714 1120 1768 1164 ut,

1017 1166 1049 1202 si
1067 1167 1163 1202 forte
1183 1178 1241 1201 res
1263 1169 1393 1202 contra
1421 1166 1628 1211 cecidisset,
1654 1167 1769 1202 habe-

1016 1216 1110 1257 rent,
1142 1225 1210 1259 per
1242 1224 1353 1258 quem
1385 1225 1408 1249 a
1440 1214 1595 1250 Vitellio
1626 1214 1769 1250 victore

1020 1262 1168 1297 veniam
1193 1261 1452 1306 impetrarent.

1064 1309 1317 1354 praeyravem]
1355 1308 1596 1354 ‘fiberlastig,
1634 1308 1771 1343 hachst

1020 1356 1118 1391 unbe
1122 1356 1261 1400 q’.uem
1289 1357 1372 1391 Von
1383 1356 1570 1391 Personen
1590 1355 1770 1400 ebensoL

1021 1407 1078 1447 21,
1100 1407 1132 1439 4.
1152 1403 1196 1438 A.
1218 1404 1280 1447 1V,
1296 1407 1351 1438 71.
1366 1403 1427 1446 XI,
1444 1407 1499 1438 19.
1521 1402 1617 1447 XIV,
1633 1407 1664 1438 3.
1697 1402 1770 1437 Um

1021 1451 1091 1485 wie
1108 1451 1183 1485 viel
1203 1450 1366 1496 weniger
1379 1450 1530 1486 wiirden
1548 1451 1600 1486 sie
1615 1449 1695 1485 sich
1709 1462 1770 1496 ge-

1021 1497 1160 1541 nieren,
1181 1498 1245 1532 des
1265 1497 1523 1542 gefahrlichen
1541 1498 1769 1533 Pratenden-

1019 1547 1082 1580 ten
1109 1544 1189 1580 sich
1215 1557 1258 1579 zu
1285 1544 1517 1590 entledigen!

1070 1596 1122 1627 13.
1159 1593 1338 1637 specimen
1357 1593 1541 1638 partium]
1569 1603 1641 1637 quo
1673 1593 1771 1627 tam-

1019 1650 1132 1684 quam
1170 1639 1337 1684 principe
1365 1641 1403 1674 et
1429 1640 1581 1675 auctore
1606 1638 1771 1684 partium

1019 1687 1211 1731 ingenium
1243 1686 1360 1732 ipsius
1395 1687 1570 1722 factionis
1597 1687 1771 1732 cognosci

1019 1736 1156 1797 posset.
1192 1733 1332 1769 Ironice
1359 1734 1513 1769 dictum.
1547 1733 1769 1769 Germanice

1022 1781 1276 1821 ‘Musterbild,
1337 1781 1649 1826 Hauptvertreter
1705 1781 1772 1815 der

1021 1827 1177 1865 Partei'.
1205 1849 1248 1853 ———
1269 1809 1374 1864 Uber
1406 1829 1465 1863 die
1499 1827 1671 1874 Stellung
1703 1828 1769 1864 der

1021 1857 1248 1921 Apposition
1275 1887 1302 1912 s.
1330 1887 1375 1909 zu
1401 1879 1510 1919 e.31,
1542 1880 1593 1910 11.

1024 1934 1028 1939 ·
1070 1927 1123 1958 15.
1145 1934 1219 1958 77077
1238 1923 1434 1959 incolumes
1452 1923 1610 1969 relictos]
1627 1923 1770 1968 Hyper-

1018 1971 1104 2006 bole
1131 1971 1295 2005 oratoria
1327 1971 1398 2015 est,
1433 1970 1507 2005 nisi
1541 1970 1637 2006 forte
1670 1981 1768 2005 asse-

1019 2019 1182 2053 ctatores
1214 2017 1358 2053 Vitellii
1389 2017 1619 2053 accuratiore
1653 2028 1767 2062 quam

1018 2066 1202 2101 nostrates
1229 2065 1398 2100 historici
1418 2065 1575 2100 scientia
1600 2066 1770 2100 veterum

1020 2124 1143 2148 rerum
1168 2112 1304 2147 imbuti
1329 2112 1490 2147 fuerunt.

1068 2160 1143 2194 uisi
1167 2160 1260 2202 forte
1287 2186 1294 2193 .
1316 2186 1324 2194 .
1346 2189 1354 2195 .
1374 2159 1491 2205 yerat]
1519 2159 1675 2194 Warum
1702 2159 1769 2194 der

1020 2206 1128 2250 Konj.
1156 2206 1252 2240 nach
1277 2207 1352 2242 uisi
1377 2207 1496 2249 forte?

1071 2258 1123 2288 16.
1158 2255 1304 2289 altiores
1336 2254 1505 2299 spiritus]
1541 2253 1575 2288 d.
1602 2253 1626 2289 i.
1653 2253 1770 2289 maio-

1020 2312 1099 2337 rem
1125 2300 1338 2345 superbiam
1364 2302 1401 2336 et
1427 2300 1701 2346 confidentiam.

1077 2348 1215 2394 Vitelli]
1263 2349 1387 2384 ‘eines
1432 2347 1641 2383 Vitellius’.
1699 2347 1770 2383 Ge-

1019 2396 1137 2431 meint
1164 2396 1214 2430 ist
1239 2395 1278 2430 L.
1308 2395 1494 2440 Vitellius,
1522 2395 1587 2430 des
1607 2395 1771 2440 Impera-

1018 2445 1096 2479 tors
1123 2443 1256 2487 Vater,
1289 2443 1350 2478 ein
1381 2443 1530 2478 Freund
1563 2442 1627 2478 des
1658 2441 1771 2478 Casar

1020 2491 1209 2534 Claudius,
1236 2491 1306 2525 mit
1325 2491 1411 2526 dem
1430 2501 1645 2525 zusammen
1665 2501 1704 2525 er
1724 2494 1770 2525 43

1018 2551 1051 2574 n.
1081 2538 1163 2573 Chr.
1198 2538 1263 2573 das
1289 2537 1474 2573 Konsulat
1505 2548 1589 2572 zum
1614 2537 1771 2572 zweiten

1018 2586 1094 2620 und
1126 2590 1170 2620 47
1204 2597 1238 2621 n.
1266 2584 1348 2620 Chr.
1382 2597 1465 2619 zum
1498 2585 1638 2619 dritten
1671 2584 1770 2619 Male

1017 2633 1240 2669 bekleidete.
1292 2632 1391 2668 Suet.
1418 2631 1495 2667 Vit.
1522 2635 1554 2666 2.
1582 2634 1623 2667 A.
1645 2631 1708 2675 XI,
1736 2635 1769 2666 3.

1022 2680 1090 2715 Die
1126 2680 1265 2716 Censur
1296 2679 1361 2714 des
1388 2678 1564 2714 Claudius
1596 2678 1673 2713 und
1705 2678 1769 2714 Vi-

1022 2727 1147 2763 tellius
1180 2726 1241 2762 fiel
1272 2727 1310 2762 in
1341 2726 1400 2761 die
1427 2726 1541 2761 Jahre
1566 2729 1655 2761 47—
1662 2729 1706 2760 51
1734 2737 1769 2762 n.

1023 2774 1118 2818 Chr.,
1146 2774 1285 2809 welche
1311 2773 1540 2818 ffinfjahrige
1559 2773 1684 2808 Dauer
1709 2772 1768 2807 die

952 2822 955 2824 ’
1022 2822 1177 2866 Censur,
1213 2821 1281 2857 wie
1313 2832 1379 2857 vor
1412 2824 1482 2855 434
1514 2833 1549 2856 n.
1588 2819 1689 2862 Chr.
1729 2830 1768 2854 so

1022 2869 1158 2905 wieder
1195 2879 1314 2913 gegen
1345 2868 1449 2903 Ende
1485 2867 1550 2903 der
1581 2865 1771 2912 Republik
