1875 3214
514 108 658 144 LIBER
684 108 747 144 ΙΙΙ.
799 107 903 144 CAP.
931 113 1082 144 64—66.
1585 110 1642 151 65

65 225 169 262 visse
201 222 316 261 domo
356 222 540 273 agrisque
579 221 737 272 pignori
779 222 969 273 acceptis;
1008 220 1132 273 unde,
1176 233 1414 273 quamquam
1456 229 1641 262 manente

63 284 105 322 in
149 283 324 333 speciem
373 279 602 331 concordia,
653 280 894 318 offensarum
945 286 1082 331 operta
1133 280 1426 321 metuebantur.
1502 282 1642 322 melior

65 342 341 393 interpretatio
381 342 517 379 mitem
555 340 684 378 virum
724 338 941 378 abhorrere
981 353 1000 378 a
1044 341 1234 391 sanguine
1274 346 1313 379 et
1355 341 1543 381 caedibus
1577 355 1641 381 eo-

63 412 141 453 que
174 399 327 439 crebris
354 412 446 438 cum
465 398 619 438 Vitellio
647 398 900 437 sermonibus
935 399 981 437 de
1015 411 1111 451 pace
1144 400 1419 452 ponendisque
1449 414 1521 453 per
1549 414 1640 441 con—

61 460 260 499 dicionem
291 460 412 498 armis
445 460 605 510 agitare.
670 469 786 509 saepe
819 458 924 497 domi
958 457 1180 511 con'gressi,
1221 465 1423 510 postremo
1463 462 1503 499 in
1544 461 1639 500 aede
1661 472 1695 497 10

61 518 269 571 Apollinis,
301 524 347 557 ut
378 518 479 557 fama
512 518 603 570 fuit,
636 519 836 569 pepigere.
878 517 996 557 rerba
1024 531 1220 570 vocesque
1242 519 1342 558 duos
1369 525 1493 559 testes
1521 520 1638 560 hahe-

14 602 18 604 ἡ
61 578 173 630 bant,
212 577 393 618 Cluvium
425 578 572 617 Rufum
604 583 643 616 et
677 577 816 616 Silium
843 576 1040 617 Italicum:
1078 578 1211 617 vultus
1243 579 1384 629 procul
1417 580 1640 620 visentibus

61 637 318 690 notabantur,
348 637 495 677 Vitellii
527 638 730 688 proiectus
764 643 803 676 et
836 637 1027 689 degener,
1061 637 1231 677 Sabinus
1263 650 1344 677 non
1377 639 1572 679 insultans
1601 646 1641 679 et

59 698 267 737 miseranti
296 698 472 749 propior.

179 756 330 802 Quodsi
355 762 434 796 tam
462 756 574 796 facile
602 768 766 796 suorum
794 762 948 795 mentes
976 756 1154 796 flexisset
1180 756 1372 809 Vitellius,
1407 770 1524 809 quam
1551 760 1636 810 ipse
1653 758 1708 800 66

59 822 251 870 cesserat,
283 818 535 856 incruentam
567 815 709 856 urbem
729 815 959 868 Vespasiani
991 818 1192 856 exercitus
1212 818 1411 856 intrasset.
1459 823 1638 857 ceterum

59 881 103 916 ut
136 877 306 928 quisque
338 875 495 915 Vitellio
528 876 649 928 fidus,
682 877 735 915 ita
769 888 905 927 pacem
940 881 977 914 et
1006 876 1261 916 condiciones
1289 876 1526 930 abnuebant,
1561 877 1639 916 dis-

60 937 213 975 crimen
246 948 290 975 ac
323 936 497 975 dedecus
537 941 781 975 ostentantes
815 941 853 974 et
892 935 1011 974 fidem
1050 937 1090 974 in
1124 935 1287 975 libidine
1327 938 1500 976 victoris.
1566 950 1640 976 nec

52 1098 234 1144 pecunias
270 1097 462 1134 distribuit
502 1108 616 1142 parce
663 1108 727 1133 nec
771 1101 814 1132 ut

51 1146 246 1191 periturus
277 1144 425 1190 (Otho);
458 1145 554 1180 Plin.
582 1156 638 1190 ep.
665 1145 693 1190 I,
727 1147 763 1189 3,
792 1149 811 1180 9

56 1194 206 1239 exponit
249 1192 415 1239 Regulus
457 1194 652 1236 mandata,
706 1193 813 1228 addit

50 1251 178 1287 preces
220 1251 328 1284 suas,
371 1244 414 1276 ut
451 1241 596 1276 decebat
635 1242 811 1286 optimum

55 1290 176 1324 virum
195 1299 268 1334 pro
296 1289 554 1332 dissimillimo,
574 1299 699 1333 parce.
756 1288 811 1323 De

56 1347 95 1371 re
135 1336 323 1372 consentit:
361 1336 462 1372 Suet.
489 1335 602 1381 Vesp.
642 1341 664 1371 4
702 1336 812 1371 rediit

55 1386 148 1420 certe
179 1386 239 1429 (ex
271 1383 412 1428 Africa)
444 1384 561 1418 nihilo
593 1384 812 1428 opulentior,

57 1434 100 1467 ut
124 1433 190 1477 qui
208 1441 327 1476 prope
352 1431 533 1475 labefacta
552 1432 627 1466 iam
646 1432 717 1475 fide
737 1442 810 1467 om-

56 1480 124 1515 nia
154 1480 313 1525 praedia
343 1479 459 1523 fratri
489 1479 663 1524 obligarit
693 1489 810 1514 neces-

53 1527 225 1572 sarioque
268 1527 319 1562 ad
360 1527 597 1572 manqonicos
640 1530 811 1572 quaestus

56 1575 292 1610 sustinendae
317 1575 513 1620 dignitatis
533 1585 648 1610 causa
667 1576 809 1610 descen-

56 1623 162 1658 derit.

104 1673 136 1705 6.
163 1673 399 1715 quamquam]
427 1682 454 1705 s.
482 1681 527 1704 zu
553 1681 584 1705 c.
611 1673 644 1715 2,
673 1673 728 1706 18.

105 1722 137 1753 7.
165 1718 387 1761 offensarum
413 1718 556 1764 operta]
578 1717 636 1752 fiir
655 1719 812 1761 offensae

59 1768 206 1810 opertae
243 1765 460 1810 ‘verhehlte
491 1765 809 1810 Raohegeftihle'.

61 1811 96 1848 S.
123 1825 168 1847 zu
193 1813 237 1856 H,
259 1816 315 1857 92,
340 1817 373 1848 9.
423 1804 524 1848 Uber
550 1813 617 1848 das
643 1813 812 1848 substan-

59 1859 212 1896 tivierte
226 1861 413 1896 Neutrum
425 1860 479 1895 im
493 1860 621 1895 Plural
635 1859 706 1895 mit:
727 1861 813 1896 dem

59 1907 151 1943 Gen.
171 1910 268 1953 part.
283 1908 359 1954 vgl.
373 1908 626 1953 Nagelsbach,
645 1908 712 1943 lat.
730 1907 811 1943 Sffl.

55 1958 76 1998 ἓ
113 1959 171 1999 24,
206 1960 236 1991 1.
287 1956 437 2001 Berger,
475 1955 542 1990 lat.
582 1955 662 1991 Stil.
702 1959 721 1998 ξ
756 1960 813 1999 13,

53 2006 95 2047 4,
114 2002 151 2038 b.

108 2055 139 2086 9.
161 2061 232 2095 per
257 2050 520 2097 condicionem]
561 2050 693 2084 ‘durch
725 2049 816 2085 Ver-

57 2097 196 2143 gleich,
221 2099 290 2134 anf
310 2098 519 2144 gutlichem
538 2098 689 2143 Wege’.
730 2097 814 2143 Vgl.

60 2143 134 2181 Cic.
168 2145 217 2180 ad
250 2146 338 2181 fam.
370 2145 434 2190 VI,
467 2150 506 2191 2,
538 2150 559 2181 2
601 2146 716 2181 armis
748 2149 814 2181 aut

57 2194 269 2229 condicione
290 2194 424 2238 positis
456 2197 523 2229 aut
547 2194 812 2239 defatigatione

56 2241 207 2277 abiectis
232 2245 299 2276 aut
322 2242 479 2277 victoria
497 2242 687 2285 defractis3
718 2241 809 2276 Sall.

55 2288 136 2334 Ing.
164 2292 222 2332 61,
251 2292 272 2324 5
300 2300 369 2333 per
399 2290 649 2334 condiciones;
681 2301 710 2324 c.
741 2293 808 2323 112

54 2347 159 2381 posse
207 2337 483 2372 condicionibus
527 2338 658 2372 bellum
695 2338 806 2382 poni3

56 2383 153 2467 gell.
197 2383 242 2427 ΙΙ,
289 2387 335 2419 50
379 2385 656 2420 condicionibus
698 2385 807 2428 finire

81 2432 199 2467 ellum.

108 2482 163 2514 10.
195 2479 238 2514 in
269 2480 356 2515 aede
388 2480 593 2526 Apollinis]
627 2479 696 2514 auf
722 2480 807 2515 dem

59 2525 260 2570 Palatium,
284 2538 360 2562 von
384 2528 578 2572 Augustus
605 2528 746 2563 erbaut.

107 2577 164 2609 11.
190 2575 311 2617 verba,
336 2575 402 2610 der
426 2575 619 2610 Wortlaut:
644 2575 709 2610 des
735 2575 809 2610 Ab-

58 2620 271 2665 kommens;
302 2633 420 2666 voces,
452 2623 512 2658 die
546 2622 604 2658 bei
630 2622 697 2657 der
721 2623 809 2658 Ver-

61 2668 257 2715 handlung
282 2669 559 2715 geweehselten
584 2669 724 2706 Worte.

109 2719 163 2751 12.
191 2716 363 2752 Cluvium
381 2717 540 2764 Rufum]
562 2729 589 2752 s.
611 2729 655 2752 zu
673 2717 702 2762 I,
722 2721 755 2763 8,
776 2722 809 2753 2.

59 2761 105 2808 Π,
131 2767 187 2807 58,
215 2767 247 2800 s.
275 2768 331 2809 65,
361 2769 390 2800 1.

107 2810 242 2847 Silium
265 2811 459 2859 Italicum]
491 2813 547 2848 als
574 2812 720 2848 Freund
746 2813 811 2849 des

60 2856 247 2896 Vitellius.
285 2860 403 2895 Unter
421 2861 521 2896 Nero
541 2859 685 2896 Konsul
705 2865 749 2896 68
774 2873 810 2896 n.

61 2903 160 2950 chr„
185 2906 285 2942 daun
312 2907 538 2944 Statthalter
564 2908 629 2943 der
654 2908 813 2944 Provinz

132 2971 248 2998 ΤΔοιτῐ
267 2974 358 3000 H1s'r.
375 2974 416 2999 11.

887 1096 1012 1140 Asien,
1034 1109 1102 1143 zog
1123 1110 1162 1133 er
1184 1098 1263 1133 sich
1285 1100 1412 1144 spater
1432 1099 1513 1134 aufs
1534 1099 1642 1134 Laud

887 1145 1042 1190 zuriick,
1081 1158 1144 1180 um
1176 1148 1373 1191 ungestort
1406 1147 1480 1183 den
1510 1146 1641 1182 Musen

886 1205 930 1227 zu
950 1193 1069 1228 leben.
1108 1194 1162 1228 Im
1186 1197 1239 1229 75.
1263 1194 1516 1239 Lebensjahre
1537 1196 1641 1230 starb

887 1251 926 1275 er
973 1240 1028 1275 als
1067 1241 1217 1276 Stoiker
1261 1242 1363 1276 eines
1400 1242 1642 1288 freiwilligen

886 1287 1150 1334 Hungertodes
1191 1293 1257 1324 100
1292 1301 1327 1324 n.
1356 1288 1440 1326 Chr.
1491 1290 1543 1325 Er
1570 1292 1640 1326 hat

887 1335 946 1370 ein
987 1336 1230 1372 historisches
1263 1336 1362 1382 Epos
1401 1341 1511 1373 unter
1554 1339 1641 1374 dem

884 1383 1031 1419 Namen
1065 1384 1207 1419 Punica.
1241 1384 1502 1420 hinterlassen.
1553 1386 1639 1431 Vgl.

885 1431 977 1465 iiber
1017 1431 1083 1466 ihn
1119 1431 1213 1467 Plin.
1249 1443 1304 1477 ep.
1338 1432 1406 1477 ΠΙ,
1442 1437 1478 1476 7,
1512 1433 1641 1469 beson-

885 1479 969 1514 ders
997 1482 1015 1521 ξ
1043 1483 1063 1513 3
1099 1480 1253 1515 laeserat
1277 1480 1418 1523 famam
1442 1491 1548 1516 suam
1573 1482 1640 1517 sub

885 1526 1032 1562 Nerone
1082 1528 1309 1571 (credebatur
1360 1532 1486 1573 sponte
1536 1539 1642 1564 accu-

884 1575 1014 1619 sasse),
1046 1575 1108 1610 sed
1140 1576 1181 1610 in
1213 1574 1352 1610 Vitellii
1385 1577 1552 1612 amicitia
1583 1587 1642 1612 sa-

878 1623 1024 1667 pienter
1061 1633 1096 1657 se
1132 1626 1164 1658 et
1191 1624 1336 1658 comiter
1374 1628 1553 1669 gesserat,-
1598 1635 1642 1660 em

880 1671 1149 1714 proconsulatu
1180 1672 1295 1706 Asiae
1325 1671 1482 1716 qloriam
1518 1683 1640 1717 repor-

884 1721 1038 1761 taverat,
1064 1719 1247 1753 maculam
1272 1720 1400 1754 veteris
1433 1720 1643 1755 industriae

886 1765 1070 1801 laudabili
1094 1767 1168 1801 otio
1194 1767 1370 1803 abluerat.

929 1814 1064 1858 procul
1088 1814 1304 1860 visentibus]
1345 1814 1433 1849 ‘von
1447 1815 1545 1859 „dem
1571 1814 1641 1849 Be-

888 1861 1068 1896 obachter
1089 1872 1154 1895 aus
1176 1861 1241 1895 der
1260 1861 1406 1896 Ferne’.
1440 1861 1542 1897 Uber
1568 1862 1641 1897 den

887 1908 971 1942 Dat.
1001 1920 1026 1943 s.
1055 1920 1099 1942 zu
1124 1907 1150 1951 Ι,
1180 1912 1235 1951 14,
1263 1912 1295 1943 8.

940 1959 994 1991 13.
1041 1956 1243 2002 proiectus]
1291 1955 1518 2002 ‘demutig’3
1564 1958 1639 2003 vgl.

888 2003 932 2037 A.
960 2002 1022 2046 ΙΙΙ,
1052 2006 1095 2038 65
1121 2004 1257 2038 seilicet
1281 2004 1390 2038 etiam
1421 2005 1544 2049 illum,
1577 2007 1642 2050 qui

889 2051 1090 2086 libertatem
1140 2052 1330 2096 publicam
1381 2053 1508 2095 nollet,
1565 2057 1641 2088 tam

883 2100 1070 2143 proiectae
1137 2099 1371 2134 servientium
1434 2100 1641 2145 patientiae

887 2147 1062 2182 taedebat.
1272 2170 1275 2172 -

933 2194 1100 2240 deycner]
1143 2205 1190 2229 se.
1237 2204 1258 2228 a
1290 2195 1399 2241 tanta-
1438 2195 1640 2231 nobilitate

885 2241 1072 2287 dignitate
1092 2242 1253 2277 fortuna.
1291 2242 1419 2278 Ubere.
1443 2243 1640 2278 ‘unmann-

883 2289 988 2333 lich’;
1016 2302 1042 2324 s.
1069 2301 1113 2324 zu
1141 2300 1170 2323 c.
1198 2293 1253 2333 85,
1281 2293 1314 2323 4.

929 2337 1130 2383 insultans]
1162 2349 1188 2371 s.
1211 2349 1254 2371 zu
1280 2336 1342 2378 IV,
1370 2341 1402 2379 2,
1433 2341 1486 2372 13.

931 2389 986 2420 14.
1020 2385 1194 2430 propior]
1237 2383 1445 2429 entsprieht
1488 2396 1640 2421 unserm

884 2433 1017 2468 ‘eher’.

929 2480 994 2516 66.
1016 2484 1048 2515 2.
1070 2479 1237 2526 cesserat]
1262 2479 1482 2515 ‘verzichtet
1500 2480 1638 2524 hatte';

882 2528 957 2573 vgl.
974 2539 1003 2563 c.
1020 2532 1064 2563 68
1082 2529 1201 2563 cedere
1215 2528 1400 2572 sepaciset
1409 2528 1639 2574 reipublicae

883 2587 1005 2612 causa.

932 2623 1101 2669 ceterum]
1128 2622 1188 2657 fiir
1206 2623 1279 2666 sed,
1304 2623 1374 2658 wie
1394 2622 1438 2657 A.
1460 2623 1557 2668 XIV,
1580 2627 1638 2659 20.

883 2671 980 2713 XVI,
1008 2674 1051 2705 35
1078 2683 1113 2704 u.
1141 2673 1173 2704 ὅ.

932 2723 964 2753 4.
991 2719 1079 2761 fides
1108 2718 1190 2752 ‘das
1216 2717 1484 2753 Wortha-lten'.

932 2766 1046 2801 libido
1081 2765 1163 2800 ‘das
1189 2764 1396 2809 Belieben‘,
1434 2765 1532 2800 daun
1561 2765 1638 2800 ‘die

884 2813 1042 2856 Laune’;
1085 2813 1160 2857 vgl.
1189 2813 1238 2847 ad
1269 2813 1460 2848 libidinem
1493 2812 1567 2847 Cic.
1601 2826 1637 2859 p.

884 2862 992 2896 Rosc.
1020 2863 1102 2895 Am.
1132 2864 1150 2902 ξ
1172 2864 1237 2894 141
1260 2872 1294 2895 u.
1323 2864 1368 2904 ὅ.,
1395 2859 1516 2895 woftir
1535 2860 1638 2896 Neu-

884 2909 1044 2944 lateiner
1070 2907 1118 2942 ad
1144 2908 1288 2943 libitum
1313 2918 1438 2953 sagen.
