1875 3214
591 107 736 142 LIBER
763 108 824 143 III.
878 108 981 144 CAP.
1010 113 1162 144 68—69.
1612 109 1668 151 69

89 224 235 262 titurus
269 220 463 259 discessit.
508 221 634 258 maior
666 219 759 258 hinc
794 219 942 259 clamor
983 219 1267 259 obsistentium
1299 220 1511 272 penatibus
1544 222 1665 272 priva-

87 283 150 335 tis,
176 282 217 319 in
243 279 436 319 Palatium
462 280 698 318 vocantium.
737 279 1002 319 interclusum
1029 279 1135 319 aliud
1162 281 1254 331 iter,
1282 280 1402 331 idque
1425 280 1564 332 solum,
1592 293 1669 332 quo

86 343 126 380 in
147 352 298 380 sacram
318 341 420 378 viam
440 344 636 391 pergeret,
658 338 834 390 patebat:
856 344 940 378 tum
963 339 1119 378 consilii
1139 341 1254 390 inops
1275 341 1316 378 in
1331 339 1524 379 Palatium
1539 340 1670 379 rediit.

206 400 471 438 Praevenerat
503 411 640 438 rumor
673 400 821 437 eiurari
854 398 901 437 ab
930 411 976 437 eo
1004 400 1236 451 imperium,
1270 400 1566 451 scripseratque
1587 399 1671 438 Fla·
1687 397 1741 439 69

87 460 173 498 vius
213 458 384 498 Sabinus
430 458 655 498 cohortium
697 457 888 510 tribunis,
935 464 979 497 ut
1024 458 1191 498 militem
1240 458 1485 498 cohiberent.

1549 460 1671 510 igitur

86 524 284 570 tamquam
318 519 445 557 omnis
478 530 543 557 res
575 517 734 569 publica
767 519 807 556 in
841 517 1072 569 Vespasiani
1111 519 1242 557 sinum
1283 519 1491 571 cessisset,
1524 520 1670 570 primo-

85 591 149 617 res
176 584 338 617 senatus
372 584 411 617 et
444 577 622 630 plerique
657 579 856 629 equestris
897 578 1048 616 ordinis
1089 579 1298 629 omnisque
1339 578 1453 616 miles
1493 578 1671 617 urbanus

86 644 124 677 et
156 637 294 689 vigiles
327 637 487 677 domum
520 637 644 676 Flavii
678 636 814 676 Sabini
847 637 1110 689 complevere.

1173 637 1267 676 illuc
1301 637 1349 676 de
1388 637 1530 676 studiis
1563 637 1670 689 vulgi
1690 647 1705 671 5

86 704 125 737 et
149 699 268 736 minis
295 697 621 736 Germanicarum
648 696 874 736 cohortium
902 697 1091 736 adfertur.
1137 696 1294 748 longius
1327 698 1405 736 iam
1432 709 1671 748 progressus

86 762 189 810 erat,
222 769 340 809 quam
372 761 417 796 ut
449 757 608 808 regredi
640 762 794 809 posset7
843 762 881 795 et
915 769 986 796 suo
1027 759 1196 808 quisquc
1230 762 1361 809 metu,
1401 769 1449 795 ne
1483 757 1671 796 disiectos

89 829 216 869 eoque
242 818 376 856 minus
408 816 557 856 validos
584 816 783 856 Vitelliani
816 822 1163 868 consectarentur,
1197 821 1453 856 cunctantem
1490 818 1530 855 in
1564 828 1672 855 arma

88 876 350 929 inpellehant‚
390 876 478 929 sed,
513 877 618 928 quod
650 877 692 915 in
738 877 824 915 eius
866 877 973 915 modi
1011 876 1132 916 rebus
1172 876 1332 929 accidit,
1379 876 1591 915 consilium
1624 875 1672 914 ah

133 1007 187 1038 17.
226 1003 328 1050 hinc]
374 1002 457 1038 eine
496 1003 647 1048 h'aufige
685 1002 842 1049 Ellipse‚

83 1051 155 1086 wie
187 1051 227 1086 in
258 1051 344 1087 dem
375 1050 593 1086 bekannten
628 1052 714 1087 hinc
756 1052 843 1086 illae

86 1099 270 1135 lacrimae.
320 1098 406 1144 Vgl.
434 1098 498 1143 IV,
524 1102 567 1133 31
596 1099 732 1134 diversi
757 1100 842 1134 hinc

87 1147 296 1182 animorum
322 1150 455 1190 motus;
483 1158 513 1182 c.
542 1150 598 1189 34.
623 1151 678 1182 16.
706 1150 763 1189 35,
787 1150 841 1181 19.

83 1194 157 1230 Cic.
173 1194 220 1230 de
234 1194 295 1230 off.
313 1194 341 1238 I,
357 1198 402 1229 25
422 1195 508 1229 hinc
528 1195 632 1239 apud
646 1195 842 1229 Athenien-

82 1252 135 1277 ses
174 1253 330 1288 magnae
368 1242 591 1285 discordiae,
636 1243 678 1277 in
717 1246 845 1277 nostra

82 1300 121 1325 re
140 1290 295 1334 publica
320 1300 396 1325 non
415 1290 532 1325 solum
550 1290 756 1333 seditiones,
781 1291 842 1325 sed

80 1338 262 1382 pestifera
282 1338 392 1373 etiam
413 1338 506 1373 bella
526 1338 664 1372 civilia.
691 1337 841 1382 Berger,

86 1385 153 1420 lat.
180 1385 262 1421 Stil.
291 1388 310 1428 ἓ
338 1389 401 1428 89,
428 1389 450 1419 4
478 1386 586 1421 Anm.
615 1389 646 1420 3.

126 1433 328 1477 penatibus
352 1433 532 1478 privatis]
570 1432 727 1468 ‘seincm
754 1432 840 1467 Ein-

82 1480 170 1515 tritt
187 1480 226 1515 in
247 1480 308 1516 ein
327 1480 584 1526 biirgerliches
606 1480 739 1524 Haus’,
761 1481 795 1515 d.
817 1480 840 1515 i.

84 1528 168 1563 dem
188 1528 386 1563 Rsicktritt
403 1529 462 1563 ins
482 1528 736 1563 Privatleben.
754 1528 839 1573 Vgl.

83 1587 116 1612 c.
146 1580 190 1611 70
229 1579 382 1621 penates
419 1576 567 1611 uxoris:
610 1587 639 1611 c.
678 1579 723 1610 86
762 1576 839 1611 Do-

83 1624 281 1659 mitianum
305 1652 312 1659 .
329 1651 336 1658 .
357 1652 364 1658 .
390 1624 492 1659 miles
519 1653 526 1659 .
543 1653 550 1659 .
567 1653 574 1660 .
602 1624 643 1658 in
664 1628 841 1668 paternos

78 1674 230 1716 penates
280 1671 444 1707 deduscit.
517 1671 594 1705 Der
636 1671 739 1706 Herd
789 1671 842 1706 im

87 1718 237 1754 Atrium
262 1730 340 1754 war
366 1718 539 1764 zugleich
560 1718 626 1753 der
645 1718 755 1754 Altar
775 1718 841 1753 der

83 1765 269 1811 Penaten,
309 1766 563 1802 daher'auch
599 1766 658 1802 die
691 1767 841 1811 haufige

87 1814 236 1850 Formel
249 1825 323 1860 pro
343 1815 420 1850 aris
439 1817 473 1850 et
485 1814 586 1858 focis.
614 1814 760 1858 Infolge
776 1814 840 1849 des

85 1861 260 1906 haufigen
275 1861 598 1907 metonymischen
625 1861 841 1896 Gebrauchs

85 1909 147 1944 fiir
162 1909 281 1944 ‘Haus
304 1909 383 1944 und
401 1909 517 1944 Herd'
536 1909 671 1944 dachte
692 1920 779 1944 man
795 1920 842 1944 an

87 1956 148 1991 die
159 1957 396 2002 personliche
408 1957 631 2002 Bedeutung
651 1967 719 2001 gar
738 1956 844 1991 nicht

89 2004 197 2038 mehr
220 2004 298 2039 und
323 2004 577 2039 konstruierte
601 2007 752 2048 penates
773 2003 843 2039 wie

94 2050 154 2087 ein
187 2051 408 2087 Lokalwort
439 2052 496 2097 (G.
532 2055 587 2086 15.
615 2055 671 2086 25.
699 2054 770 2095 32).

137 2102 191 2134 18.
213 2100 319 2134 aliud
339 2099 422 2145 iter]
444 2100 542 2134 nach
564 2099 840 2134 Livianisehem

89 2146 289 2182 Gebrauch
313 2147 374 2182 fiir
399 2150 515 2182 cetera
540 2147 688 2182 itinera.

137 2198 191 2230 19.
225 2205 371 2230 sacram
401 2195 516 2241 riam]
559 2193 635 2229 Der
666 2194 844 2240 Aufgang

88 2253 173 2277 zum
212 2241 399 2277 Palatium
440 2254 514 2278 von
545 2242 610 2277 der
643 2253 749 2277 sacra
782 2242 845 2277 via.

87 2301 154 2325 aus
187 2301 263 2324 war
295 2301 356 2325 am
387 2289 631 2335 Titusbogen.
689 2290 842 2333 Becker,

86 2337 185 2372 Hdb.
220 2338 253 2372 d.
287 2341 379 2373 rom.
411 2338 547 2373 Altert.
580 2337 652 2372 IS.
675 2341 745 2372 428
765 2338 842 2372 und.

87 2384 195 2419 Anm.
225 2388 281 2420 72.

133 2433 175 2468 in
222 2432 416 2468 Palatium
457 2432 585 2477 rediit]
642 2432 717 2467 Der
759 2445 843 2467 zum

87 2478 193 2515 Tcilc
219 2480 488 2515 abweichende
516 2479 664 2514 Schluss
689 2480 753 2514 des
773 2479 842 2515 Be-

87 2526 206 2563 richts
221 2538 295 2563 von
317 2526 459 2562 Sueton
478 2527 615 2563 lautet:
636 2538 711 2563 non
730 2529 844 2563 multo

85 2578 171 2620 post
200 2576 391 2620 paenitens
421 2575 515 2619 facti
542 2575 580 2620 (i.
608 2585 638 2610 e.
667 2574 844 2620 Capitolii

87 2621 244 2667 incensi)
289 2626 323 2658 et
362 2623 405 2658 in
442 2623 536 2658 alios
573 2623 719 2667 culpam
757 2634 842 2658 con-

87 2670 208 2712 ferens
228 2674 358 2706 vocata
372 2671 538 2705 contione
556 2670 698 2705 iurarit
717 2673 843 2716 coeyit-

90 2728 158 2762 que
182 2718 310 2753 iurare
335 2721 368 2753 <t
393 2721 524 2753 ceteros
543 2718 639 2752 nihil
657 2718 730 2753 sibi
749 2719 844 2753 anti-

88 2766 196 2809 quius
203 2766 319 2810 quiete
329 2765 482 2810 public-a
488 2766 579 2808 fore:
590 2768 677 2800 tunc
685 2766 844 2801 solutum

89 2823 114 2847 a
139 2813 248 2848 latere
269 2813 469 2859 puyionem
494 2813 636 2848 consuli
664 2814 843 2858 primum,

89 2859 220 2895 deinde
252 2861 316 2895 illo
349 2863 537 2895 recusante
567 2862 844 2906 mayistratibus

90 2917 133 2942 ac
161 2917 246 2943 moa:
283 2907 512 2943 senatoribus
548 2908 707 2953 singulis
753 2919 841 2954 por-

916 1004 1057 1048 riyens,
1102 1003 1204 1038 nullo
1250 1003 1443 1047 recipiente
1481 1002 1589 1047 quasi
1634 1003 1675 1036 in

917 1052 1003 1086 aede
1027 1051 1249 1086 Concordiae
1269 1052 1464 1095 positurus
1490 1051 1674 1093 abscessit,

916 1099 978 1133 sed
1003 1099 1220 1143 quibusdam
1243 1098 1534 1134 acclamantibus
1553 1098 1675 1142 ipsum

918 1157 989 1181 esse
1030 1146 1270 1182 Concordia-m
1307 1147 1418 1181 rediit
1454 1157 1519 1180 nec
1557 1146 1675 1180 solum

916 1195 1072 1229 retinere
1097 1205 1132 1229 se
1151 1194 1291 1236 ferrum
1312 1194 1526 1237 affirmavit,
1552 1204 1675 1228 verum

918 1242 1027 1277 etiam
1049 1242 1273 1277 Concordiae
1294 1243 1449 1286 recipere
1469 1251 1674 1286 cogynomen.

965 1289 1027 1324 69.
1058 1293 1088 1323 1.
1116 1290 1259 1324 eiurari
1286 1289 1494 1334 imperium]
1532 1288 1603 1323 wic
1630 1289 1675 1324 A.

916 1336 996 1379 XII,
1012 1340 1044 1371 4.
1064 1336 1162 1381 XIII,
1180 1340 1224 1371 14
1241 1338 1385 1373 eiurare
1399 1338 1672 1382 maqistratum3

917 1397 944 1420 s.
972 1396 1015 1418 zu
1044 1396 1073 1419 c.
1101 1388 1158 1428 37,
1188 1389 1242 1421 11.

966 1435 998 1466 2.
1045 1432 1260 1478 cohortium]
1314 1432 1593 1477 praetoriarum
1638 1432 1675 1466 et

916 1480 1144 1514 urbanarum
1170 1480 1416 1524 vigilumque.

966 1531 997 1561 3.
1038 1528 1080 1562 in
1119 1527 1161 1562 V.
1195 1529 1318 1562 sinum
1344 1527 1520 1573 cessisset]
1548 1527 1609 1561 fiir
1634 1527 1676 1561 in

924 1574 1194 1620 Vespasianum
1220 1576 1379 1610 cessisset
1409 1575 1509 1610 ‘dem
1537 1574 1580 1609 V.
1609 1586 1675 1609 an-

916 1622 1018 1657 heim
1033 1622 1200 1668 gesallen
1212 1623 1340 1666 ware'3
1357 1622 1485 1668 vgl.A.
1504 1623 1531 1666 I,
1544 1628 1558 1657 1
1571 1622 1676 1657 Pom-

911 1671 974 1715 pei
1003 1670 1197 1715 Crassique
1227 1672 1393 1715 potentia
1421 1672 1492 1706 cito
1518 1671 1559 1705 in
1589 1669 1676 1705 C'ae-

915 1729 1044 1761 sarem,
1058 1718 1196 1763 Lepida·
1211 1722 1319 1763 atque
1332 1718 1494 1754 Antonii
1509 1729 1614 1752 arma
1637 1718 1677 1752 in

915 1766 1126 1811 Auqustum
1141 1776 1286 1809 cessere3
1304 1767 1348 1810 II,
1365 1770 1409 1800 23
1422 1777 1524 1801 omne
1538 1766 1677 1801 caelum

915 1817 948 1849 et
975 1825 1075 1848 mare
1101 1824 1202 1849 omne
1222 1815 1263 1848 vin
1283 1817 1454 1848 austrum
1474 1814 1587 1855 cess·it;
1610 1812 1672 1856 VI,

916 1865 960 1895 43
989 1871 1108 1896 omnes
1136 1862 1175 1895 in
1200 1872 1317 1895 unum
1337 1862 1527 1903 cedebant3
1549 1860 1593 1895 H.
1610 1860 1674 1904 ΙΙΙ,

918 1912 962 1943 83
983 1909 1102 1953 spolia
1122 1909 1164 1943 ‘in
1184 1909 1315 1953 molyns
1337 1909 1527 1951 cedebant3
1550 1908 1610 1951 IV,
1629 1912 1674 1943 64

918 1956 1014 1991 bona
1028 1956 1300 1999 interfectorum
1310 1957 1351 1991 in
1359 1957 1438 1992 med
1442 1958 1455 1990 i
1458 1968 1516 1991 um
1526 1956 1656 1991 cedant
1665 1969 1673 1998 3

918 2003 1007 2049 Agr.
1036 2007 1056 2038 5
1083 2014 1224 2038 summa
1243 2015 1366 2038 rerum
1386 2008 1418 2039 et
1439 2007 1675 2048 recuperatae

913 2052 1130 2096 provinciae
1166 2052 1290 2096 yloria
1328 2053 1369 2086 in
1407 2053 1532 2087 ducem
1560 2053 1675 2087 cessit.

920 2099 955 2134 S.
983 2111 1027 2133 zu
1054 2099 1117 2142 IV,
1147 2103 1203 2142 64,
1233 2103 1287 2133 14.

966 2151 998 2181 4.
1046 2148 1147 2182 miles
1190 2147 1372 2193 urbanus]
1419 2147 1479 2180 fiir
1518 2147 1677 2182 cohortes

916 2195 1101 2236 urbanae,
1141 2194 1211 2229 wie
1250 2194 1284 2239 I,
1317 2198 1381 2239 89,
1416 2199 1470 2229 11.
1530 2194 1675 2229 Anders

918 2243 944 2287 Ι,
972 2247 1005 2287 4,
1033 2246 1064 2278 7.
1093 2245 1125 2286 5,
1156 2246 1185 2276 1.
1220 2241 1265 2285 Π,
1293 2245 1348 2285 94,
1378 2247 1410 2277 3.

966 2294 997 2325 6.
1021 2289 1326 2326 Germanicarum
1347 2290 1564 2336 cohortium]
1595 2289 1629 2324 d.
1650 2289 1674 2325 i.

917 2337 1030 2373 trium
1050 2337 1324 2383 praetoriarum
1340 2337 1562 2381 cohortium,
1579 2348 1676 2382 quae

918 2385 1033 2420 etiam
1064 2388 1146 2420 tum
1178 2385 1319 2419 Romae
1355 2384 1543 2430 praesidio
1571 2388 1676 2420 erant

918 2433 963 2478 (c,
993 2437 1048 2476 78,
1073 2435 1144 2477 13).
1193 2432 1370 2467 Vitellius
1397 2432 1496 2468 enim
1523 2432 1677 2468 Germa-

917 2481 1021 2516 nicos
1048 2480 1276 2526 legionarios
1300 2481 1497 2524 alaresque
1523 2482 1673 2525 praeto-

917 2527 1045 2563 rianae
1091 2530 1157 2563 aut
1200 2528 1365 2564 urbanae
1411 2527 1573 2563 militiae
1613 2528 1676 2562 ad-

919 2576 1130 2622 scripscrat.
1182 2574 1264 2619 Vgl.
1295 2575 1330 2609 H
1340 2604 1348 2620 ‚
1376 2579 1420 2610 93
1448 2576 1526 2620 fgg.

967 2628 999 2659 8.
1036 2624 1238 2659 consectari
1272 2622 1388 2667 ‘Jagd
1421 2626 1487 2659 auf
1519 2622 1675 2668 jemand

919 2671 1094 2714 macheu,
1141 2671 1233 2705 iiber
1268 2670 1422 2716 jemand
1459 2670 1673 2713 herfallen',

921 2718 988 2753 wie
1015 2718 1078 2761 IV,
1108 2722 1139 2760 1,
1167 2721 1200 2752 2.

967 2765 1213 2811 cunctantem]
1241 2775 1292 2811 sc„
1320 2765 1510 2800 Sabinum.

968 2817 1000 2848 9.
1016 2813 1252 2858 inpellebant]
1268 2812 1370 2848 Uber
1383 2813 1454 2847 den
1468 2812 1598 2846 Plural
1612 2811 1675 2847 bei

918 2862 1068 2906 quisque
1107 2860 1146 2895 in
1177 2859 1412 2906 appositiver
1439 2860 1612 2905 Stellung
1644 2873 1674 2896 s,

918 2909 1097 2952 Heraeus,
1113 2908 1362 2953 lat.Schu1gr.
1379 2907 1414 2943 S.
1426 2911 1504 2944 160.
1521 2908 1626 2942 Anm.
1638 2912 1672 2944 2.
