1875 3214
563 98 706 135 LIBER
733 99 796 135 III.
847 99 950 135 CAP.
979 102 1132 135 49—51.
1587 99 1644 141 49

56 213 305 254 videbantur.

371 211 593 251 undecuma
631 210 733 261 legio
774 223 862 249 sese
901 211 1137 250 adiunxerat
1178 213 1291 251 initio
1333 216 1536 263 cunctata,
1571 210 1642 250 sed
1666 220 1681 247 5

58 273 266 326 prosperis
298 270 420 310 rebus
452 271 582 322 anxia,
629 269 735 321 quod
763 269 973 323 defuisset,
1014 283 1082 309 sex
1114 271 1221 310 milia
1254 270 1539 322 Delmatarum,
1580 282 1645 309 re-

59 345 154 373 cens
188 331 375 383 dilectus,
409 329 719 382 comitabantur3
753 329 925 368 ducebat
945 330 1159 381 Pompeius
1188 330 1371 369 Silvanus
1398 330 1641 382 consularis3

57 394 116 431 vis
149 390 409 431 consiliorum
441 401 564 441 penes
596 389 770 428 Annium
802 388 969 428 Bassum
1010 390 1178 441 legionis
1210 390 1397 441 legatum.
1453 391 1486 428 is
1521 389 1642 428 Silva-

58 463 156 491 num
189 450 399 489 socordem
431 449 533 488 bello
568 454 607 487 et
639 449 724 487 dies
751 460 886 488 rerum
916 448 1046 488 verbis
1074 454 1271 488 terentem
1300 451 1432 500 specie
1461 449 1645 501 obsequii

59 510 224 562 regebat
269 511 326 549 ad
368 510 596 561 omniaque,
630 521 729 560 quae
770 508 920 559 agenda
953 508 1101 561 forent,
1143 510 1275 560 quieta
1316 521 1407 548 cum
1446 509 1644 548 industria
1668 517 1702 543 10

59 570 206 609 aderat.
251 569 300 608 ad
331 568 401 607 has
434 569 568 619 copias
602 580 623 606 e
650 567 828 607 classicis
855 567 1150 607 Ravennatibus
1178 568 1435 619 legionariam
1463 568 1647 607 militiam

59 628 318 681 poscentibus
351 629 525 679 optimus
559 628 729 680 quisque
763 627 923 666 adsciti:
957 627 1126 667 classem
1159 627 1359 667 Delmatae
1394 627 1646 679 supplevere.

61 689 261 728 exercitus
302 687 506 739 ducesque
545 686 593 726 ad
635 687 784 726 Fanum
818 686 1017 726 Fortunae
1068 689 1145 726 iter
1191 688 1355 739 sistunt,
1402 687 1450 726 de
1491 699 1645 726 summa

61 760 196 787 rerum
229 751 481 799 cunctantes,
523 746 629 798 quod
661 752 789 786 motas
822 758 870 786 ex
904 746 1002 785 urbe
1036 748 1258 798 praetorias
1292 747 1478 786 cohortes
1511 746 1645 786 audie-

59 812 150 847 rant
182 812 222 846 et
252 807 382 845 teneri
413 806 623 858 praesidiis
644 807 925 858 Appenninum
959 806 1161 845 rebantur.
1196 812 1236 846 et
1268 808 1376 858 ipsos
1410 808 1451 846 in
1479 807 1642 858 regione
1670 814 1703 841 15

60 866 177 906 bello'
196 867 331 905 attrita
362 867 496 918 inopia
529 873 568 905 et
602 866 813 905 seditiosae
846 865 1019 905 militnm
1052 878 1168 905 voces
1195 865 1402 905 terrebant
1428 865 1645 905 clavarium

58 925 253 977 [donativi
284 937 431 964 nomen
471 924 548 976 est]
590 925 864 977 flagitantium.

928 938 1002 964 nec
1042 927 1253 976 pecuniam
1292 931 1360 964 aut
1398 926 1646 965 frumentum

56 985 334 1038 providerant,
369 990 408 1024 et
440 985 641 1024 festinatio
675 991 794 1037 atque
827 984 992 1024 aviditas
1025 985 1355 1037 praepediebant,
1391 985 1503 1037 dum,
1546 996 1647 1036 quae

58 1046 187 1097 accipi
218 1049 421 1097 poterant,
455 1046 678 1096 rapiuntur.

178 1103 468 1143 Celeberrimos
507 1109 690 1144 auctores
729 1104 872 1156 habeo,
912 1109 1063 1142 tantam
1102 1104 1323 1143 victoribus
1362 1104 1553 1143 adversus
1587 1103 1645 1142 fas
1662 1100 1718 1144 51

58 1164 251 1215 nefasque
290 1165 598 1203 inreverentiam
637 1164 778 1217 fuisse,
824 1168 868 1202 ut
908 1164 1115 1214 gregarius
1158 1176 1280 1215 eques
1327 1165 1504 1203 occisum
1545 1176 1566 1202 a
1609 1175 1650 1202 se

58 1225 242 1275 proxima
276 1224 359 1262 acie
392 1223 556 1262 fratrem
588 1225 795 1274 professus
830 1224 1052 1274 praemium
1086 1236 1106 1262 a
1140 1223 1310 1262 ducibus
1343 1225 1516 1276 petierit.
1575 1234 1649 1262 nec

111 1330 143 1361 5.
164 1325 385 1371 undecuma]
409 1337 436 1361 s.
451 1337 496 1360 zu
515 1325 561 1370 II,
579 1329 634 1371 11,
649 1330 688 1369 43
711 1330 766 1370 67,
785 1331 818 1362 6.

109 1373 236 1419 initio]
265 1372 336 1408 wie
363 1373 426 1416 IV,
453 1377 510 1417 23,
539 1377 592 1408 12.
644 1373 732 1419 Agr.
763 1377 817 1411 11.

63 1420 152 1456 Sall.
181 1420 260 1456 Cat.
289 1424 323 1465 2,
351 1424 382 1455 1.
409 1424 442 1455 4.

112 1472 144 1505 6.
157 1468 429 1514 Delmatarum]
446 1467 516 1503 Die
529 1468 740 1503 Dalmatier
754 1468 818 1504 be-

63 1516 240 1551 wohnten
291 1516 362 1551 den
412 1516 606 1551 schmalen
654 1516 816 1551 Ksisten-

64 1563 221 1599 streifen
246 1562 418 1598 westlich
441 1563 507 1599 der
526 1563 706 1609 heutigen
725 1563 817 1598 Her-

66 1611 256 1656 zegowina
272 1611 349 1646 und
366 1611 631 1656 Montenegros
653 1611 708 1647 bis
720 1612 818 1647 nach

66 1658 199 1704 Epirus
227 1659 266 1704 (j.
295 1658 497 1703 Albanien)
523 1658 600 1694 hin.

116 1710 147 1742 7.
174 1707 342 1752 dilectus]
370 1705 598 1751 legionarius
624 1708 690 1742 aut
716 1706 818 1742 auxi-

65 1753 168 1788 liaris
194 1755 260 1789 aut
286 1754 511 1790 classiarius.

114 1801 310 1846 Pompeius
351 1802 545 1848 Silvanus]
594 1802 821 1837 statthalter

67 1858 141 1885 von
166 1848 392 1885 Dalmatien.
444 1848 479 1885 S.
507 1861 552 1884 zu
576 1849 627 1893 II,
655 1853 711 1892 86,
741 1854 795 1884 13.

115 1901 147 1932 8.
173 1898 229 1931 vis
248 1898 500 1941 consiliorum]
529 1896 604 1931 ‘die
625 1897 823 1932 wirksame

67 1943 178 1978 Kraft
209 1944 275 1978 der
307 1943 693 1989 Entschliessungen’,
724 1945 758 1979 d.
786 1946 821 1979 h.

67 1990 108 2025 B.
130 2002 210 2025 war
230 1991 289 2025 die
312 1990 418 2026 83313
446 1991 511 2026 der
532 1992 822 2036 Anordnungen.

68 2038 154 2083 Vgl.
183 2039 238 2073 vis
264 2049 307 2073 ac
326 2042 490 2083 potestas
519 2038 564 2083 II,
592 2043 648 2074 39.
675 2039 738 2083 III,
767 2042 822 2073 11.

117 2089 149 2121 9.
170 2096 290 2121 socors
310 2086 416 2132 bello]
437 2086 534 2121 nach
549 2085 736 2131 Analogie
751 2098 822 2122 von

68 2134 158 2169 bello
178 2134 302 2168 clarus
316 2144 346 2169 c.
361 2137 426 2178 44;
450 2137 620 2169 strenuus
641 2135 729 2169 bello
744 2145 773 2169 c.
791 2138 823 2169 6.

117 2181 195 2216 dies
208 2181 428 2227 rerum]‘die
438 2181 518 2216 Zeit
526 2182 590 2217 des
600 2182 822 2217 Handelns’.

120 2232 175 2264 10.
215 2229 264 2264 ad
299 2229 507 2275 omniaque]
547 2229 618 2263 Zur
654 2229 827 2275 Stellung

69 2286 143 2311 von
180 2288 248 2321 que
272 2277 348 2321 vgl.
375 2276 419 2312 A.
447 2277 490 2320 V,
520 2280 562 2312 10
593 2288 663 2322 per
689 2278 826 2313 dolum-

69 2334 155 2369 que3
182 2323 278 2367 XVI,
305 2329 325 2359 2
353 2324 398 2359 ab
426 2325 713 2370 oratoribusque.

122 2375 177 2406 11.
205 2372 446 2417 leyionariam
471 2373 658 2418 militiam]
688 2384 714 2409 s,
731 2385 777 2407 zu
801 2373 828 2417 Ι,

72 2421 129 2463 87,
150 2423 181 2454 6.

120 2470 175 2501 12.
204 2466 352 2513 adsciti]
384 2466 652 2503 ‘einverleibt'.

121 2516 176 2549 13.
201 2513 354 2549 Fanum
373 2513 582 2560 Fortunae]
611 2525 672 2549 am
692 2514 824 2550 Adria-

71 2560 220 2596 tischen
252 2561 375 2597 Meere
407 2562 592 2597 zwischen
616 2561 826 2597 Ariminum

72 2608 148 2643 und
173 2609 329 2644 Ancona
355 2609 394 2654 (j.
420 2610 548 2653 Fano).

121 2666 262 2691 summa
293 2656 432 2702 rerum]
469 2669 496 2691 s.
533 2668 578 2691 zu
610 2656 654 2700 ΙΙ,
683 2660 740 2701 81,
770 2662 825 2693 10.

124 2705 178 2737 15.
206 2704 253 2750 et]
285 2704 412 2739 ‘dazu’
442 2703 525 2748 (wie
550 2716 579 2740 c.
602 2708 634 2747 8,
657 2706 692 2749 8)
719 2705 824 2740 nicht

74 2749 147 2784 mit
169 2751 268 2795 ipsos
293 2763 337 2785 zu
362 2752 577 2787 verbinden.

125 2800 180 2833 16.
207 2799 359 2833 attritus
387 2799 664 2844 ‘ausgesogen'.

125 2845 343 2892 clavarium]
384 2846 491 2890 quasi
529 2847 577 2881 ad
615 2847 742 2882 clavos
770 2859 827 2882 ca-

77 2891 214 2936 ligares
267 2894 548 2938 comparandos.
617 2894 702 2940 Vgl.
737 2895 829 2930 iiber

147 2957 259 2984 TACITI
278 2959 369 2985 Htsr.
390 2959 432 2985 ΙΙ.

893 1325 996 1361 diese
1036 1325 1303 1362 Gratifikation
1343 1327 1443 1361 Suet.
1482 1326 1595 1370 Vesp.
1633 1329 1653 1360 8

892 1374 1115 1417 classiarios,
1142 1375 1206 1419 qui
1232 1375 1277 1409 ab
1302 1374 1406 1410 Ostia
1429 1377 1461 1409 et
1488 1373 1655 1408 Puteolis

891 1421 1048 1456 Romam
1064 1422 1221 1466 pedibus
1235 1433 1305 1466 per
1324 1423 1418 1457 vices
1439 1425 1653 1464 commeant,

886 1472 1047 1515 petentes
1056 1470 1231 1504 constitui
1239 1470 1384 1514 aliquid
1394 1470 1466 1504 sibi
1481 1469 1654 1503 calcearii

891 1517 1055 1552 nomine.
1074 1545 1080 1551 .
1101 1546 1106 1552 .
1131 1517 1241 1552 iussit
1258 1518 1410 1561 posthac
1431 1517 1654 1552 excalceatos

892 1565 1093 1607 cursitare,
1121 1568 1154 1599 et
1187 1576 1230 1599 ex
1256 1575 1294 1600 eo
1320 1566 1376 1600 ita
1402 1565 1598 1600 cursitant.

942 1615 999 1646 17.
1027 1612 1196 1647 donativi
1221 1623 1351 1648 nomen
1371 1613 1436 1658 est]
1468 1612 1542 1646 Des
1569 1611 1654 1646 Tac.

893 1659 1163 1704 Zeitgenossen
1196 1660 1422 1695 verstanden
1456 1659 1529 1694 den
1565 1659 1656 1694 Sinn

894 1707 958 1742 des
990 1707 1234 1742 technischen
1279 1707 1498 1742 Ausdrucks
1535 1707 1655 1742 clava-

893 1755 1180 1797 riummeshalb
1202 1755 1302 1790 diese
1310 1755 1443 1790 WVorte
1457 1754 1656 1789 mitReeht

894 1802 954 1836 fiir
986 1802 1047 1836 ein
1074 1801 1247 1837 Glossem
1279 1803 1458 1847 gehalten
1492 1802 1653 1837 werden.

948 1853 1002 1883 18.
1030 1850 1117 1884 dum
1138 1850 1261 1884 streift
1285 1850 1366 1885 hier
1386 1850 1485 1885 nahe
1512 1861 1559 1884 an
1582 1849 1654 1884 den

898 1896 1094 1931 Gebrauch
1147 1897 1212 1932 des
1264 1897 1523 1942 explikativen
1574 1908 1655 1932 cum

896 1944 1033 1986 heran,
1061 1956 1087 1979 s.
1117 1957 1159 1979 zu
1187 1949 1302 1989 0140,
1333 1949 1385 1980 10.

948 1995 1003 2027 19.
1017 1992 1179 2037 accipere
1189 1992 1242 2026 ‘in
1258 1992 1446 2038 Empfang
1460 1992 1652 2036 nehmen’3

896 2050 1025 2083 rapere
1054 2039 1292 2084 ‘gewaltsam
1323 2040 1591 2085 fortnehmen’3
1625 2052 1654 2075 s.

897 2088 961 2129 IV,
989 2090 1045 2130 22,
1073 2090 1105 2121 5.

946 2134 1009 2170 51.
1039 2138 1069 2169 1.
1099 2136 1319 2171 celeberrimi
1357 2138 1534 2180 auctores,
1580 2146 1655 2170 von

898 2182 1118 2217 namhaften
1158 2183 1521 2219 Gew'zihrsmannern
1565 2183 1656 2218 oder

901 2229 1171 2265 allbekannten
1193 2231 1492 2266 Schriftstellern
1519 2231 1656 2276 gesagt

902 2277 1061 2322 (Colum.
1096 2279 1141 2313 de
1168 2290 1206 2314 re
1232 2280 1322 2314 rust.
1349 2278 1415 2323 III,
1444 2282 1498 2322 17,
1525 2279 1574 2323 4),
1608 2278 1659 2313 ist

902 2324 965 2360 bei
1003 2324 1076 2360 den
1115 2327 1259 2362 Ξ11131311
1297 2326 1516 2361 Klassikern
1560 2326 1659 2361 noch

904 2372 1011 2407 nicht
1036 2373 1175 2409 fiblich.
1228 2374 1311 2409 Von
1335 2373 1521 2409 Personen
1546 2373 1658 2408 iiber-

904 2421 1024 2465 haupt
1055 2422 1264 2465 gebraucht
1295 2422 1361 2457 das
1387 2422 1496 2456 Wort
1528 2422 1659 2456 celeber

906 2469 1029 2502 zuerst
1049 2469 1128 2504 Liv.
1151 2469 1284 2512 XXVI,
1298 2474 1355 2513 27,
1374 2473 1416 2504 16
1437 2470 1658 2504 celeberrimi

900 2516 975 2550 viri
1030 2527 1162 2562 wegen
1212 2517 1277 2552 des
1317 2517 1654 2563 vorausgehenden

900 2563 1190 2599 clarissimarum
1234 2565 1404 2607 urbium,-
1450 2566 1537 2601 Tac.
1582 2576 1657 2600 von

902 2609 1198 2646 Schriftstellern
1224 2613 1322 2647 auch
1346 2614 1434 2658 Agr.
1460 2617 1477 2647 1
1507 2613 1654 2649 celeber-

899 2670 1016 2693 rimus
1042 2671 1192 2704 (litesque
1217 2671 1375 2705 znye'mo.

947 2706 1007 2748 fas
1033 2707 1221 2753 nefasque]
1250 2720 1276 2742 s.
1305 2721 1350 2742 zu
1375 2707 1419 2752 II,
1449 2712 1504 2751 56,
1532 2712 1564 2744 3.

950 2758 982 2787 2.
1016 2755 1260 2790 inreverentia
1288 2755 1457 2800 ‘Mangel
1490 2767 1537 2789 an
1563 2755 1657 2789 Ehr-

900 2801 1055 2845 furcht’,
1083 2802 1152 2837 wie
1180 2804 1224 2838 A.
1251 2802 1313 2846 III,
1343 2807 1398 2838 31.
1426 2802 1522 2846 XIII,
1551 2806 1607 2837 26.

950 2853 981 2883 3.
1009 2850 1088 2896 nec]
1120 2866 1164 2878 =
1191 2861 1255 2885 nec
1281 2861 1374 2895 vero,
1401 2850 1471 2885 wie
1492 2861 1522 2885 e.
1545 2853 1576 2893 5,
1601 2853 1656 2884 13.

902 2899 1030 2939 25,19.
1052 2897 1198 2942 1‚·29,7.
1220 2897 1356 2943 1V‚23‚
1375 2902 1428 2934 14.
1450 2901 1506 2942 28,
1529 2901 1549 2932 8
1570 2900 1655 2933 11.(5.

1420 2962 1443 2992 4
