1859 3182
129 440 188 482 43

126 1093 185 1135 44

206 94 288 136 146

710 96 872 133 TACITI
898 97 1234 134 HISTORIARUM

202 206 269 245 sed
305 206 453 244 diutius
486 206 628 246 durant
661 207 835 259 exempla
870 220 983 259 quam
1016 221 1156 248 mores.
1208 209 1470 262 elanguimus,
1503 216 1635 261 patres
1668 224 1758 250 con-

203 267 360 316 scripti,
399 278 470 304 nec
509 267 585 304 iam
625 265 688 305 ille
730 272 889 305 senatus
922 279 1076 320 sumus,
1116 269 1182 319 qui
1215 269 1344 306 occiso
1376 268 1531 307 Nerone
1564 269 1761 309 delatores

203 330 241 363 et
272 325 473 363 ministros
506 337 616 363 more
648 327 840 364 maiorum
873 327 1093 376 puniendos
1120 326 1328 378 flagitabat.
1376 329 1548 378 optimus
1581 334 1640 367 est
1671 335 1760 380 post

147 391 181 417 35
200 382 345 422 malum
378 385 596 434 principem
631 384 714 423 dies
746 381 925 435 primus'.

322 442 445 481 Tanto
479 455 569 481 cum
603 443 771 482 adsensu
812 449 972 483 senatus
1011 445 1166 483 auditus
1208 451 1267 483 est
1304 444 1529 498 Montanus,
1574 450 1617 485 ut
1649 459 1757 497 spem

201 508 358 552 caperet
390 501 593 540 Helvidius
625 514 740 553 posse
774 504 889 541 etiam
921 503 1146 542 Marcellum
1179 505 1387 554 prosterni.
1438 505 1559 554 igitur
1591 517 1610 543 a
1643 505 1756 544 laude

201 560 327 599 Cluvii
370 559 459 599 Rufi
501 573 633 613 orsus,
679 563 746 612 qui
789 562 952 612 perinde
997 562 1105 601 dives
1151 568 1189 601 et
1230 562 1452 614 eloquentia
1492 563 1622 602 clarus
1661 564 1757 603 nulli

200 631 384 670 umquam
424 619 496 658 sub
535 619 689 658 Nerone
729 620 948 671 periculum
987 622 1230 673 facessisset,
1271 623 1436 660 crimine
1475 622 1591 661 simul
1630 635 1758 662 exem-

164 678 343 730 5ploque
388 677 552 729 Eprium
597 679 807 731 urguebat,
852 680 1080 719 ardentibus
1124 686 1281 732 patrum
1325 682 1476 719 animis.

1539 682 1642 732 quod
1688 682 1756 721 ubi

200 739 324 776 sensit
356 737 575 789 Marcellus,
616 738 720 777 velut
761 739 954 777 excedens
990 741 1115 778 curia:
1156 736 1300 787 eimus',
1340 741 1479 792 inquit,
1518 737 1680 793 ‘Prisce,
1718 747 1758 780 et

198 796 461 847 relinquimus
495 797 567 835 tibi
593 803 772 836 senatum
804 803 934 837 tuum:
974 811 1093 849 regna
1125 806 1331 849 praesente
1365 796 1557 838 Caesare.'

1620 812 1758 851 seque-

198 855 314 894 batur
346 855 482 894 Vibius
504 856 684 908 Cr1spus,
717 856 829 895 ambo
862 858 1028 909 infensi,
1062 855 1171 896 vultu
1206 857 1372 910 diverso,
1406 857 1613 897 Marcellus
1639 860 1760 897 mina-

200 914 313 954 cibus
346 914 487 966 oculis,
527 915 690 966 Crispus
728 916 932 969 renidens,
971 917 1095 955 donec
1135 916 1304 955 adcursu
1339 918 1554 955 amicorum
1586 918 1758 956 retrahe—

147 986 181 1011 ιο
201 978 351 1012 rentur.
397 986 486 1012 cum
514 973 697 1024 glisceret
725 980 940 1028 certamen,
973 975 1064 1014 hinc
1096 976 1210 1014 multi
1236 975 1425 1027 bonique,
1464 976 1553 1014 inde
1574 978 1690 1027 pauci
1722 982 1760 1015 et

199 1032 315 1071 validi
342 1033 611 1083 pertinacibus
639 1034 739 1072 odiis
765 1034 991 1087 tenderent,
1024 1040 1282 1086 consumptus
1303 1047 1374 1085 per
1401 1035 1636 1074 discordiam
1664 1035 1758 1074 dies.

318 1091 501 1130 Proximo
536 1098 673 1131 senatu
706 1093 914 1133 inchoante
943 1093 1107 1132 Caesare
1146 1094 1193 1132 de
1232 1093 1422 1132 abolendo
1455 1093 1588 1132 dolore
1623 1095 1759 1145 iraque

198 1156 237 1189 et
284 1152 461 1202 priorum
507 1156 730 1203 temporum
779 1152 1102 1205 necessitatibus,

1159 1154 1314 1191 censuit
1357 1152 1560 1192 Mucianus
1608 1153 1760 1204 prolixe

196 1223 268 1262 pro
295 1210 609 1263 accusatoribus3
637 1211 752 1249 simul
774 1224 852 1263 eos,
879 1213 946 1263 qui
973 1217 1162 1264 coeptam,
1189 1211 1329 1250 deinde
1357 1213 1540 1250 omissam
1567 1214 1759 1251 actionem

245 1316 301 1347 32.
331 1313 471 1347 diutius
497 1341 526 1348 ..
548 1342 555 1349 .
582 1313 710 1359 mores]
737 1313 759 1348 i.
777 1325 805 1348 e.
822 1325 941 1348 exem-

196 1360 298 1405 plum
333 1358 523 1404 supplicii,
559 1360 658 1404 quod
694 1361 733 1394 in
759 1361 942 1406 Regulum

199 1406 454 1452 statuerimus,
490 1407 628 1442 diutius
661 1407 808 1442 durabit
843 1408 942 1452 vige-

196 1453 327 1498 bitque
372 1454 419 1488 ad
463 1454 702 1490 deterrendos
753 1455 941 1499 improbos

197 1513 308 1545 quam
359 1501 498 1545 egregii
547 1513 666 1536 mores
711 1502 941 1546 Vespasiani,

196 1548 357 1584 hominis
413 1548 593 1583 mortalis.
675 1548 760 1594 Vgl.
812 1560 941 1594 wegen

197 1597 397 1640 exemplum
414 1598 455 1630 A.
472 1595 534 1638 III,
557 1599 600 1630 50
616 1596 816 1640 (Lutorius)
831 1608 943 1641 neque

196 1647 360 1678 servatus
385 1644 426 1677 in
451 1644 658 1687 periculum
693 1645 747 1678 rei
772 1645 943 1687 publicae

196 1702 307 1735 neque
332 1691 542 1733 interfectus
567 1691 607 1725 in
633 1691 831 1735 ememplum
857 1692 941 1733 ibit3

195 1739 286 1773 iiber
319 1737 379 1771 die
416 1736 635 1782 Bedeutung
667 1749 739 1772 von
771 1749 884 1773 mores
915 1751 940 1773 s.

195 1797 238 1819 zu
263 1784 307 1828 ΙΙ,
337 1789 390 1828 10,
420 1788 473 1819 16.
501 1784 562 1828 ΙΙΙ,
590 1789 645 1827 72,
673 1789 704 1819 3.

243 1832 487 1877 elanyuimus]
515 1843 541 1866 S.
570 1843 613 1866 zu
638 1833 665 1875 Ι,
691 1836 749 1875 46,
779 1836 832 1867 15.

243 1883 298 1914 34.
318 1879 519 1925 ministros]
547 1879 626 1913 hier
648 1879 942 1925 ‘Helfershelfer,

196 1927 410 1972 Schergen'.

242 1985 337 2009 more
355 1973 549 2019 maiorum]
570 1974 640 2008 mit
660 1973 856 2019 Stiiupung
875 1986 941 2010 vor

197 2021 262 2056 der
287 2021 546 2065 Hinrichtung.

242 2070 398 2114 optimus
419 2096 425 2103 .
443 2095 449 2102 .
467 2096 474 2103 .
489 2068 651 2114 primus]
674 2068 819 2103 Mortuo
840 2069 938 2103 malo

193 2115 358 2161 principe
410 2117 560 2150 senatus
619 2116 738 2160 primo
790 2116 938 2159 quidem

194 2175 328 2209 pravos
380 2174 499 2198 mores
544 2174 563 2198 e
609 2162 761 2198 civitate
806 2163 938 2197 tollere

195 2211 365 2254 enititur,
398 2210 462 2245 sed
494 2222 579 2244 mox
610 2210 793 2254 paulatim
818 2210 937 2244 relan-

195 2259 348 2303 guescit.
411 2257 498 2302 Vgl.
535 2257 571 2302 I,
611 2262 633 2291 4
676 2261 799 2301 patres
842 2258 938 2300 laeti,

193 2309 374 2350 usurpata
410 2306 533 2340 statim
572 2305 735 2340 libertate
773 2305 939 2339 licentius

193 2357 234 2388 ut
259 2364 345 2398 erqa
368 2353 574 2397 principem
599 2363 731 2387 novum
757 2355 789 2386 et
814 2352 937 2386 absen-

193 2404 280 2444 tem;
310 2399 362 2442 Π,
391 2403 434 2434 10
464 2400 597 2435 recenti
629 2399 767 2434 Galbae
794 2400 936 2443 princi-

187 2452 284 2492 patu
309 2450 523 2483 censuerant
551 2450 693 2491 patres,
725 2450 765 2481 ut
791 2457 937 2481 accusa-

194 2499 310 2529 torum
337 2505 468 2528 eausae
492 2498 736 2538 noscerentur.

242 2541 306 2577 43.
334 2545 365 2576 2.
394 2542 604 2587 Helvidius]
633 2553 659 2576 s.
688 2553 717 2575 c.
745 2544 765 2575 5
792 2540 843 2585 fg.

242 2589 281 2635 a]
310 2600 336 2624 Β.
364 2600 406 2622 zu
433 2599 462 2623 c.
492 2593 547 2632 14,
576 2592 630 2623 10.

242 2641 273 2672 3.
303 2636 426 2671 Cluvii
450 2636 556 2681 Rufi]
584 2648 611 2670 s,
642 2648 683 2669 zu
711 2636 748 2679 Ι,
775 2638 807 2678 8,
833 2638 865 2669 2.

236 2683 405 2729 perinde]
441 2694 488 2719 sc.
516 2694 559 2717 ao
585 2682 794 2717 Marcellus.

242 2734 274 2766 4.
302 2731 467 2775 crimine]
496 2743 522 2765 s.
550 2742 579 2766 c.
607 2734 664 2774 41,
694 2733 747 2764 10.

242 2778 400 2822 exemplo
453 2778 537 2812 ‘mit
569 2777 650 2812 dem
686 2776 936 2822 Vergleiche’.

243 2829 273 2860 7.
294 2836 405 2869 reyna
450 2825 519 2859 mit:
541 2825 781 2859 berechneter
800 2824 936 2859 denun-

192 2872 432 2907 ziatorischcr
458 2872 610 2907 Bosheit
635 2873 776 2916 gesagt.

1064 1317 1095 1349 9.
1108 1315 1276 1349 renidens
1289 1313 1373 1348 ‘mit
1384 1314 1597 1348 lachelnder
1607 1314 1758 1358 Miene'3

1016 1361 1090 1406 vgl.
1136 1360 1180 1395 A.
1224 1360 1286 1401 IV,
1330 1364 1373 1395 60
1416 1361 1550 1404 falsum
1593 1363 1760 1397 renidens

1015 1409 1138 1452 vultu;
1163 1408 1242 1452 XV,
1264 1412 1318 1443 66.
1344 1408 1420 1443 Iuv.
1442 1407 1504 1452 IV,
1526 1411 1569 1444 82
1597 1409 1760 1443 schreibt

1014 1456 1092 1489 ihm
1119 1455 1178 1490 ein
1202 1456 1286 1490 mite
1310 1456 1497 1500 inqenium
1531 1468 1586 1490 zu.
1631 1456 1758 1490 Damit

1016 1502 1159 1537 stimmt
1178 1503 1283 1545 auch,
1306 1502 1386 1537 dass·
1406 1502 1530 1545 Quint.
1552 1502 1610 1547 (V,
1631 1507 1684 1547 13,
1701 1507 1756 1538 48.

1015 1549 1058 1592 X,
1080 1554 1109 1593 1,
1133 1553 1211 1584 119.
1239 1549 1318 1593 XII,
1347 1553 1402 1593 10,
1431 1550 1489 1595 11)
1514 1549 1591 1584 ihm
1616 1549 1757 1584 Humor

1015 1597 1088 1631 und
1110 1598 1248 1631 Anmut
1274 1597 1337 1631 des
1358 1597 1501 1632 Geistes
1522 1596 1756 1632 nachrt'ihmt.

1019 1643 1156 1678 Pikant
1186 1644 1235 1678 ist
1268 1644 1327 1678 ein
1352 1643 1469 1688 Witz,
1502 1644 1573 1679 den
1604 1655 1643 1679 er
1667 1645 1758 1679 iiber

1016 1691 1225 1726 Domitians
1268 1691 1423 1726 Passion
1467 1691 1542 1725 fiirs
1584 1691 1753 1737 Fliegeu-

1016 1739 1152 1783 fangen
1190 1739 1365 1783 gemacht
1401 1738 1523 1773 haben
1554 1737 1635 1773 soll.
1691 1739 1756 1773 Als

1016 1785 1178 1820 n'amlich
1189 1786 1341 1830 jemand
1357 1786 1440 1820 dem
1451 1785 1642 1820 Domitian
1657 1786 1756 1820 seine

1015 1832 1262 1877 Aufwartung
1280 1832 1436 1868 macheu
1453 1832 1577 1867 wollte
1598 1833 1673 1867 und
1692 1832 1756 1867 ihu

1014 1880 1146 1924 fragte,
1173 1880 1219 1915 ob
1245 1879 1389 1914 Besuch
1415 1879 1515 1914 beim
1536 1879 1667 1914 Kaiser
1692 1880 1756 1924 sei,

1013 1927 1086 1971 gab
1124 1938 1163 1962 er
1199 1940 1262 1962 zur
1300 1929 1489 1962 Antwort:
1531 1926 1636 1962 nicht
1673 1927 1754 1962 eine

1013 1974 1150 2019 Fliege.

1061 2025 1115 2056 10.
1141 2022 1319 2068 qlisceret]
1347 2034 1373 2056 s.
1400 2033 1443 2056 zu
1470 2033 1499 2056 c.
1527 2025 1583 2066 25,
1612 2025 1664 2056 16.

1062 2073 1115 2103 11.
1160 2069 1276 2104 validi
1321 2068 1545 2113 ‘machtige‚
1591 2068 1752 2103 einfluss-

1011 2116 1165 2151 reiche'.

1059 2163 1258 2209 tenderent]
1292 2164 1384 2197 statt
1416 2163 1480 2197 des
1511 2161 1644 2207 Komp.
1672 2174 1755 2197 con-

1011 2211 1193 2246 tenderent
1222 2210 1315 2244 ‘sich
1342 2209 1501 2251 massen,
1529 2209 1706 2245 stritten’.

1058 2256 1122 2292 44.
1152 2262 1181 2293 1.
1211 2256 1375 2303 Caesare]
1404 2269 1430 2292 s.
1459 2269 1503 2291 zu
1528 2256 1591 2301 III,
1618 2260 1674 2301 86,
1698 2261 1751 2292 15.

1059 2309 1090 2339 2.
1117 2305 1358 2346 necessitates,
1390 2304 1458 2338 wie
1484 2303 1535 2345 II,
1562 2307 1599 2348 4,
1629 2308 1671 2339 13
1706 2305 1755 2340 ad

1011 2353 1217 2387 tolerandas
1242 2353 1485 2395 necessitates,
1523 2351 1598 2386 ‘die
1624 2352 1754 2396 (unab-

1012 2400 1247 2443 wendbaren)
1264 2398 1547 2443 Bedriingnisse,
1574 2398 1634 2434 die
1645 2398 1753 2444 Note,

1012 2446 1071 2481 die
1100 2446 1333 2491 Drangsale’.

1056 2495 1199 2537 prolioee
1239 2493 1321 2527 ‘mit
1358 2492 1625 2533 Wohlwollen,
1663 2496 1752 2538 gun-

1012 2541 1114 2585 stig’3
1160 2552 1199 2576 so
1245 2541 1370 2585 haufig
1412 2539 1450 2574 in
1495 2540 1563 2575 den
1605 2539 1752 2575 Briefen

1012 2588 1156 2623 Ciceros
1195 2589 1270 2622 und
1309 2588 1422 2623 sehon
1455 2598 1526 2622 von
1560 2587 1650 2622 Cato
1688 2598 1750 2632 ge-

1011 2636 1167 2670 braucht
1192 2634 1253 2670 bei
1279 2634 1372 2670 Gell.
1399 2646 1434 2669 11.
1461 2635 1505 2670 A.
1531 2634 1615 2677 VII,
1641 2638 1679 2678 3,
1708 2638 1751 2668 14

1009 2694 1064 2717 res
1089 2683 1265 2717 secundae
1291 2686 1396 2727 atque
1420 2682 1597 2725 prolixae.

1058 2734 1090 2764 3.
1119 2729 1307 2774 actionem]
1340 2730 1378 2764 in
1409 2727 1561 2773 Eprium
1597 2728 1752 2763 Marcel-

1012 2777 1087 2810 lum
1114 2777 1338 2822 imperatore
1359 2776 1478 2811 Galba
1505 2776 1549 2821 ab
1577 2775 1750 2810 Helvidio

1011 2827 1237 2868 susceptam,
1281 2824 1364 2858 dein
1411 2823 1523 2858 dubia
1560 2823 1751 2858 voluntate

1010 2871 1187 2915 principis
1214 2871 1385 2905 omissam
1421 2873 1463 2914 (e.
1492 2872 1537 2915 6).
