1859 3182
101 503 157 544 60

136 750 152 775 ὃ

122 1046 156 1070 10

134 220 150 245 5
170 216 448 250 monstrantes.

170 100 227 142 60
697 97 857 133 TACITI
882 97 1218 133 HISTORIARUM

513 208 682 248 Sabinus
727 208 940 247 inhabilem
990 208 1116 247 labori
1166 214 1205 247 et
1249 208 1433 247 audaciae
1476 208 1740 247 valetudinem

171 270 424 309 causabatur:
457 268 678 307 Domitiano
705 268 841 306 aderat
867 269 1037 319 animus,
1071 267 1139 306 sed
1168 267 1352 306 custodes
1379 279 1400 305 a
1420 266 1576 306 Vitellio
1603 268 1740 320 additi,

170 340 408 380 quamquam
441 340 482 366 se
516 329 645 366 socios
673 327 786 378 fugae
813 328 1110 378 promitterent,
1143 332 1343 378 tamquam
1369 326 1603 365 insidiantes
1628 328 1740 365 time-

170 388 325 426 bantur.
376 392 494 438 atque
527 388 612 438 ipse
645 386 824 425 Vitellius
857 390 1043 436 respectu
1076 398 1237 425 suarum
1270 385 1612 425 necessitudinum
1643 385 1742 424 nihil

170 449 210 485 in
243 446 508 484 Domitianum
542 451 653 484 atrox
686 444 860 496 parabat.

291 505 419 544 Duces
453 506 624 556 partium
664 510 708 543 ut
746 503 927 543 Carsulas
965 516 1126 555 venere,
1165 515 1312 554 paucos
1352 503 1399 542 ad
1438 505 1618 555 requiem
1656 503 1742 542 dies

172 569 350 615 sumunt,
384 564 508 603 donec
542 563 694 615 aquilae
728 565 918 614 signaque
950 562 1144 613 legionem
1180 562 1508 614 adsequerentur.
1559 568 1599 601 et
1630 562 1742 601 locus

171 625 255 674 ipse
289 629 511 662 castrorum
544 622 741 674 placebat,
780 622 856 661 late
888 627 1166 673 prospectans,
1204 627 1289 660 tuto
1329 622 1534 672 copiarum
1566 621 1743 672 adgestu,

170 682 463 721 florentissimis
496 694 598 733 pone
631 687 787 732 tergum
820 682 1069 733 municipiis3
1108 680 1226 719 simul
1259 680 1466 731 conloquia
1500 693 1590 720 cum
1623 679 1741 719 Vitel—

172 741 286 780 lianis
317 742 453 780 decem
481 741 632 779 milium
660 741 785 791 spatio
813 740 1050 779 distantibus
1078 745 1121 790 et⁴
1143 739 1315 790 proditio
1343 739 1587 790 sperabatur.
1627 751 1744 790 aegre

172 801 211 839 id
245 802 326 852 pati
358 800 470 838 miles
503 806 542 839 et
574 801 778 838 victoriam
813 799 925 838 malle
958 811 1075 850 quam
1107 811 1263 850 pacem3
1297 811 1345 836 ne
1378 810 1470 837 suas
1498 799 1658 849 quidem
1690 798 1743 836 le-

173 861 309 911 giones
342 859 651 910 opperiebantur
683 864 727 897 ut
764 859 931 909 praedae
971 870 1088 909 quam
1127 857 1398 908 periculorum
1438 859 1576 896 socias.
1633 869 1744 896 voca-

174 924 234 957 tos
268 919 314 957 ad
348 920 572 956 contionem
604 919 799 956 Antonius
833 918 968 956 docuit
1000 929 1086 955 esse
1119 916 1247 955 adhuc
1280 916 1434 955 Vitellio
1463 918 1588 969 vires,
1621 916 1743 955 ambi-

173 990 281 1029 guas,
309 978 342 1015 si
369 976 646 1029 deliberarent,
671 989 794 1028 acres,
815 978 848 1015 si
875 977 1164 1027 desperassent.
1209 977 1319 1014 initia
1347 975 1541 1014 bellorum
1571 975 1744 1014 civilium

177 1037 358 1075 fortunae
398 1036 679 1087 permittenda:
726 1037 929 1075 victoriam
969 1034 1144 1074 consiliis
1184 1040 1222 1073 et
1260 1036 1412 1073 ratione
1457 1036 1606 1086 perlici.
1669 1036 1745 1073 iam

174 1095 439 1134 Misenensem
473 1094 638 1133 classem
676 1100 714 1133 et
752 1094 1059 1146 pulcherrimam
1100 1093 1333 1144 Campaniae
1373 1105 1480 1132 oram
1520 1094 1746 1146 descivisse,

174 1166 248 1193 nec
281 1154 370 1205 plus
403 1166 423 1192 e
457 1159 538 1192 toto
572 1159 770 1192 terrarum
803 1153 898 1192 orbe
932 1152 1129 1203 reliquum
1164 1152 1333 1204 Vitellio,
1367 1165 1483 1203 quam
1511 1153 1616 1204 qnod
1642 1154 1746 1192 inter

175 1213 428 1251 Tarracinam
472 1212 737 1264 Narniamque
770 1215 906 1251 iaceat.
969 1213 1063 1250 satis
1104 1211 1251 1262 gloriae
1292 1211 1442 1262 proelio
1487 1211 1746 1251 Cremonensi

175 1278 334 1323 partum
380 1277 419 1310 et
464 1273 583 1310 exitio
623 1272 839 1311 Cremonae
878 1272 1043 1310 nimium
1084 1271 1273 1309 invidiae:
1323 1283 1372 1309 ne
1417 1273 1747 1322 concupiscerent

139 1341 154 1366 5
175 1331 338 1370 Romam
371 1343 512 1382 capere
539 1333 672 1382 potius
700 1343 816 1382 quam
844 1342 1012 1369 servare.
1063 1331 1209 1368 maiora
1236 1329 1313 1367 illis
1348 1331 1521 1381 praemia
1549 1336 1588 1369 et
1623 1330 1747 1369 multo

174 1392 388 1429 maximum
423 1391 563 1442 decus,
597 1392 629 1428 si
662 1390 974 1429 incolumitatem
1007 1390 1162 1427 senatui
1193 1388 1419 1440 populoque
1454 1388 1629 1428 Romano
1662 1390 1748 1428 sine

175 1451 366 1500 sanguine
400 1450 659 1500 quaesissent.
722 1449 784 1487 his
817 1462 861 1487 ac
894 1448 1038 1487 talibus
1071 1449 1238 1498 mitigati
1270 1449 1401 1486 animi.

225 1554 279 1586 15.
294 1551 471 1585 inhabilis
487 1550 751 1595 ‘untauglich⁷;
775 1562 801 1585 s.
818 1550 862 1594 ΙΙ,
879 1554 922 1585 87

174 1601 226 1633 tot
240 1599 438 1643 leyatorum
452 1599 719 1642 amicorumque
733 1599 924 1633 comitatus

175 1646 353 1680 inhabilis
379 1646 428 1679 acl
453 1646 666 1689 parendum.

226 1696 279 1727 16.
308 1693 453 1727 animus
482 1692 617 1735 ‘Lust',
644 1692 713 1727 wie
742 1691 780 1726 in
809 1693 925 1727 animi

175 1750 299 1775 eausa.

226 1791 279 1821 17.
307 1786 506 1832 tamquam]
534 1786 604 1821 mit
631 1787 715 1821 dem
735 1787 834 1821 Part.
864 1786 926 1820 bei

176 1835 313 1877 timeri,
351 1834 419 1868 wie
455 1835 497 1869 A.
532 1834 616 1876 XV,
651 1838 695 1868 59
728 1834 923 1869 timebatur

176 1885 361 1925 tamquam
385 1882 511 1923 favore
535 1882 696 1916 inbutus.

226 1932 280 1964 18.
307 1928 628 1973 necessitudinum]
656 1927 693 1962 in
720 1928 924 1963 konkreter

175 1975 411 2020 Bedentung,
446 1977 514 2009 wie
542 1975 642 2011 Suet.
669 1977 763 2019 Aug.
793 1979 836 2010 17
869 1986 923 2010 re—

175 2023 274 2057 misit
314 2023 407 2057 hosti
441 2023 605 2057 iudicato
644 2023 925 2057 necessitudines

177 2071 378 2114 amicosque
404 2080 538 2112 omnes3
574 2069 672 2105 Curt.
700 2069 762 2113 IV,
789 2073 852 2113 41,
880 2074 924 2104 23

177 2118 335 2152 crederes
354 2116 610 2152 Alezcandrum
637 2118 730 2151 inter
755 2127 843 2151 suas
868 2128 926 2151 ne-

177 2165 410 2199 cessitudines
429 2166 527 2208 slei-63
551 2177 576 2199 s.
600 2163 753 2198 Miitzell
768 2176 812 2198 zu
826 2163 859 2198 d.
873 2163 922 2200 St.

224 2212 319 2246 nihil
339 2216 446 2246 atroae
460 2212 638 2256 parabat]
663 2212 782 2245 ‘hatte
803 2211 926 2245 nichts

178 2258 457 2302 Bedrohliches,
480 2258 702 2294 Schlimmes
728 2259 823 2301 vor';
850 2259 924 2303 vgl.

180 2318 222 2340 zu
249 2306 294 2350 II,
323 2310 354 2348 1,
381 2310 413 2341 2.

225 2354 289 2388 (30.
314 2357 342 2387 1.
363 2353 535 2388 Carsulae
556 2354 665 2389 stadt
684 2353 721 2387 in
735 2352 925 2396 Umbrien‚

180 2404 223 2434 10
249 2404 340 2435 rom.
365 2401 503 2435 Meilen
529 2401 648 2437 nordl.
675 2411 747 2435 von
773 2400 925 2442 Narnia,

178 2459 238 2481 am
284 2447 510 2482 Westabfall
558 2448 622 2482 der
669 2447 926 2492 Appenninen,

173 2494 201 2538 j.
229 2493 324 2528 Dorf
347 2494 571 2539 Casigliano.

227 2546 257 2575 2.
299 2542 444 2585 aquilae
469 2542 659 2588 siqnaque]
700 2541 783 2586 Vgl.
817 2552 847 2576 c.
881 2544 924 2575 52

179 2589 292 2623 acciri
318 2590 461 2633 aquilas
480 2591 665 2635 siqnaque,
692 2593 723 2624 et
748 2589 927 2633 quidquid

185 2635 346 2670 Veronae
372 2637 528 2670 militum
553 2638 645 2679 soret
670 2636 853 2681 (placuit).

229 2688 260 2717 3.
301 2683 372 2717 late
403 2684 657 2729 prospectans]
710 2683 850 2717 ‘indem
889 2693 928 2716 cr

180 2730 261 2764 eine
283 2729 392 2764 weite
412 2730 588 2765 Aussicht
610 2730 830 2775 gewithrte'‚
857 2729 927 2764 wio

181 2778 223 2812 A.
251 2777 350 2820 XIV,
376 2781 408 2811 9.

229 2828 259 2858 ὃ.
280 2824 439 2870 milium]
466 2836 514 2859 sc.
535 2836 723 2869 passuum.
762 2823 926 2858 Narniae

182 2870 279 2905 enim
302 2873 423 2906 castra.
443 2871 649 2915 habebant3
672 2871 924 2916 vgl.c.58.63.

1044 1550 1278 1596 sperabatur]
1318 1548 1393 1583 Das
1420 1549 1584 1584 Verbum
1609 1550 1746 1585 richtet

998 1596 1077 1631 sich
1097 1596 1178 1631 hier
1199 1597 1295 1631 nach
1310 1597 1393 1631 dem
1408 1597 1586 1632 zun'achst
1600 1596 1747 1632 stehen-

998 1645 1069 1678 den
1110 1643 1288 1689 Subjekte
1329 1643 1381 1678 im
1417 1643 1604 1689 Singular.
1660 1644 1746 1688 Vgl.

998 1690 1049 1735 II,
1078 1695 1121 1726 70
1148 1695 1254 1726 erant
1279 1702 1367 1735 quos
1391 1692 1499 1726 varia
1524 1702 1602 1727 sors
1626 1703 1749 1726 rerum

999 1739 1239 1783 lacrimaeque
1265 1742 1296 1773 et
1320 1740 1571 1774 misericordia
1596 1740 1744 1774 subiret.

1055 1790 1086 1820 7.
1114 1786 1240 1831 quam]
1266 1797 1292 1820 a.
1320 1798 1362 1820 zu
1390 1797 1419 1821 e.
1448 1790 1504 1829 70,
1532 1790 1562 1821 6.

1044 1836 1076 1867 8.
1093 1834 1286 1877 ambiquus
1297 1832 1409 1867 ‘noch
1422 1833 1744 1868 unentschieden’.

1047 1884 1099 1915 10.
1134 1881 1297 1915 eon-siliis
1328 1884 1361 1915 et
1391 1880 1548 1926 ratione]
1582 1892 1610 1916 s,
1637 1892 1682 1916 zu
1714 1892 1745 1916 c.

998 1931 1054 1971 20,
1083 1932 1102 1962 6
1129 1928 1205 1962 und
1238 1939 1267 1962 c.
1296 1930 1352 1971 59,
1381 1931 1412 1963 9.

1049 1979 1103 2009 13.
1129 1975 1263 2020 iaceat]
1291 1977 1385 2009 stati]
1410 1978 1496 2010 esset
1521 1975 1610 2009 oder
1634 1976 1744 2010 situm

999 2026 1085 2057 esset
1099 2022 1195 2056 nach
1209 2022 1294 2056 dem
1308 2021 1508 2067 Vol-gange
1524 2033 1596 2056 von
1610 2022 1745 2068 Nepos.

1050 2073 1104 2104 14.
1130 2070 1276 2104 invidia
1305 2069 1502 2114 ‘Ungunst,
1528 2068 1747 2114 Missliebig-

999 2117 1089 2160 keil),
1110 2116 1380 2160 Anfeindung’,
1401 2117 1470 2151 wie
1492 2127 1521 2151 c.
1541 2120 1597 2160 32,
1613 2120 1632 2151 9
1654 2129 1686 2152 u.
1711 2120 1740 2151 ὂ.

1050 2168 1104 2198 16.
1131 2163 1254 2208 decus]
1282 2175 1330 2199 sc.
1351 2163 1441 2208 fore,
1467 2163 1536 2198 wie
1556 2163 1619 2209 IV,
1640 2168 1696 2205 23,
1712 2168 1744 2199 3.

1001 2215 1056 2253 63,
1083 2214 1114 2246 8.
1144 2215 1199 2253 75,
1227 2215 1257 2245 6.

1046 2257 1346 2304 incolumitatem]
1363 2258 1444 2292 ‘das
1459 2257 1746 2302 Unangetastet-

1000 2305 1088 2349 sein,
1110 2305 1217 2340 einen
1237 2306 1550 2350 unangetasteten
1563 2305 1742 2341 Bestand’

1000 2353 1033 2387 d.
1068 2352 1090 2386 i.
1119 2353 1203 2386 dem
1231 2352 1342 2387 Sinne
1368 2353 1465 2387 nach
1498 2365 1525 2388 s.
1552 2365 1584 2388 v.
1612 2364 1644 2389 a.
1672 2353 1746 2388 Un-

998 2399 1306 2434 verletzlichkeit.

1046 2448 1124 2481 sine
1166 2447 1362 2493 sanquine]
1419 2446 1532 2481 ‘ohne
1575 2446 1746 2481 Blutver-

999 2494 1170 2539 giessen’.
1212 2494 1246 2529 S.
1268 2495 1356 2539 Agr.
1387 2498 1429 2528 16
1458 2498 1489 2529 et
1514 2494 1644 2529 seditio
1668 2494 1747 2529 sine

999 2542 1179 2586 sanquine
1203 2543 1317 2584 stetit;
1345 2541 1387 2575 A.
1409 2540 1471 2585 ΙΙΙ,
1496 2545 1539 2576 39
1566 2541 1746 2577 trucidati

998 2593 1084 2623 sunt
1109 2590 1187 2624 sine
1211 2593 1334 2624 nostro
1359 2589 1547 2641 sanquine.

1050 2640 1103 2671 17.
1131 2636 1367 2681 quaesissent]
1405 2635 1512 2680 quasi
1544 2646 1630 2670 vero
1662 2634 1748 2669 illo-

1002 2694 1082 2717 rum
1104 2683 1254 2718 demum
1270 2694 1385 2728 opera
1399 2683 1549 2718 senatus
1568 2682 1746 2727 populus—

1002 2741 1072 2773 que
1100 2731 1289 2765 Romanus
1322 2730 1518 2775 quaestum
1550 2728 1745 2764 incolumi-

1000 2777 1090 2811 tatis
1111 2779 1286 2821 capturus
1307 2780 1415 2822 esset,
1437 2789 1519 2812 cum
1540 2788 1579 2812 re
1599 2787 1689 2812 vera
1706 2775 1746 2810 in

1001 2835 1043 2858 eo
1065 2826 1172 2868 esset,
1194 2827 1236 2859 ut
1262 2826 1381 2860 status
1402 2823 1565 2860 civitatis
1590 2823 1629 2858 in
1649 2835 1743 2858 sum-

999 2882 1100 2906 mum
1127 2871 1325 2907 discrimen
1351 2872 1606 2907 adduceretur.
