1875 3214
586 112 731 149 LIBER
757 113 818 148 III.
872 112 973 149 CAP.
1004 118 1155 149 69—70.
1615 115 1666 156 71

90 229 225 266 vianos
258 225 381 264 duces
414 226 574 277 nuntio,
622 225 690 276 qui
728 225 1006 264 circumsideri
1046 228 1153 277 ipsos
1194 232 1249 278 et,
1295 227 1335 264 ni
1375 225 1668 279 subveniretur,

85 292 191 326 artas
230 297 295 324 res
333 286 547 324 nuntiaret.
610 289 768 323 noctem
809 284 905 323 adeo
946 286 1121 336 quietam
1161 287 1258 336 egit,
1305 291 1349 324 ut
1388 286 1542 337 digredi
1581 288 1666 326 sine

88 358 186 385 noxa
218 346 412 396 potuerit:
447 345 593 396 quippe
626 343 740 382 miles
760 342 908 382 Vitellii
934 344 1124 384 adversus
1152 344 1328 396 pericula
1356 346 1484 398 ferox,
1524 346 1666 385 labori-

86 404 159 444 bus
200 410 240 443 et
283 403 428 455 vigiliis
469 416 609 455 parum
649 405 827 442 intentus
872 410 972 456 erat,
1019 412 1056 444 et
1098 404 1291 444 hibernus
1331 405 1458 444 imber
1498 411 1663 459 repente
1706 426 1718 441 2

87 464 198 503 fusus
231 463 368 503 oculos
400 475 597 515 auresque
632 462 884 515 impediebat.

200 523 308 562 Luce
339 524 468 574 prima
501 522 690 576 Sabinus,
729 528 941 574 antequam
980 524 1021 562 in
1060 525 1186 562 vicen]
1225 523 1383 562 hostilia
1418 530 1662 579 coeptarent,

80 582 308 622 Cornelium
339 582 559 622 Martialem
591 595 611 621 e
644 582 957 635 primipilaribus
985 583 1031 622 ad
1060 583 1259 622 Vitellium
1292 585 1401 622 misit
1428 597 1519 623 eum
1553 597 1661 624 man-

80 642 182 681 datis
216 647 255 681 et
287 647 450 695 questu,
491 642 596 694 quod
629 648 743 693 pacta
776 641 1054 696 turbarentur,
1098 643 1390 682 simulationem
1423 656 1589 695 prorsus
1625 650 1663 684 et

81 702 293 754 imaginem
325 701 551 754 deponendi
583 703 742 754 imperii
775 702 898 741 fuisse
932 703 978 741 ad
1013 703 1270 754 decipiendos
1303 709 1361 742 tot
1392 703 1582 743 inlustres
1609 706 1662 743 vi-

77 773 154 801 ros.
219 773 291 801 cur
324 763 430 800 enim
463 774 484 801 e
517 763 659 801 rostris
699 762 834 801 fratris
873 762 1034 801 domum
1074 764 1334 801 inminentem
1369 763 1454 802 foro
1495 770 1533 802 et
1566 765 1661 803 inri-

77 820 206 860 tandis
239 821 444 860 hominum
473 821 599 861 oculis
627 834 745 874 quam
765 821 1006 861 Aventinum
1035 823 1080 861 ad
1108 828 1272 874 penates
1303 824 1439 862 uxoris
1467 821 1664 875 petisset?

76 881 130 919 ita
160 882 315 933 privato
349 886 389 920 et
421 893 578 920 omnem
611 882 860 933 principatus
895 883 1069 933 speciem
1101 883 1241 921 vitanti
1274 884 1518 922 convenisse.
1571 896 1663 922 con·

78 946 139 979 tra
171 939 373 979 Vitellium
404 942 446 980 in
478 939 689 994 Palatium,
723 942 764 980 in
791 942 917 992 ipsam
945 943 1103 994 imperii
1130 955 1263 981 arcem
1289 954 1535 995 regressum,
1569 943 1662 982 inde

77 1005 273 1039 armatum
306 1012 447 1052 agmen
481 1002 688 1054 emissum,
722 1006 887 1040 stratam
920 1002 1194 1040 innocentium
1227 1001 1417 1041 caedibus
1451 1002 1662 1041 celeberri-

72 1070 176 1098 mam
202 1059 315 1099 urbis
346 1065 525 1113 partem,
559 1073 608 1099 ne
636 1060 828 1112 Capitolio
859 1061 1020 1113 quidem
1054 1061 1257 1100 abstineri.
1308 1067 1486 1113 togatum
1519 1074 1661 1114 nempe

71 1130 114 1158 Se
160 1124 200 1158 et
244 1131 371 1158 unum
409 1132 430 1159 e
470 1120 741 1174 senatoribus,
776 1120 870 1160 dum
909 1122 1015 1160 inter
1056 1120 1342 1172 Vespasianum
1382 1134 1425 1161 ac
1460 1121 1661 1161 Vitellium

903 1246 941 1282 in
979 1247 1147 1282 direkter
1173 1248 1275 1282 Rede
1304 1248 1364 1283 die
1393 1252 1424 1283 2.
1452 1247 1490 1283 P.
1528 1249 1661 1284 stehen

902 1295 1042 1330 wfirde.
1074 1295 1198 1332 Madv.
1222 1299 1240 1338 ἓ
1262 1299 1343 1330 405.
1380 1296 1566 1338 Heraeus,
1593 1297 1660 1332 lat.

904 1342 1074 1388 Schulgr.
1095 1347 1114 1385 ξ
1136 1347 1216 1387 217,
1243 1347 1276 1377 4.
1318 1343 1402 1389 Vgl.
1424 1343 1467 1378 A.
1490 1344 1587 1387 XIII,
1615 1349 1659 1379 49

902 1401 969 1426 cur
983 1392 1078 1425 enim
1093 1419 1100 1427 .
1118 1418 1124 1425 .
1142 1419 1149 1425 .
1165 1394 1240 1426 iam
1256 1392 1347 1426 levia
1364 1392 1659 1427 consectaretur?

900 1437 972 1473 mit
998 1439 1025 1482 I,
1047 1442 1091 1473 43
1120 1450 1185 1474 cur
1211 1440 1307 1473 enim
1326 1440 1451 1484 primo
1478 1441 1661 1475 contionis

900 1487 958 1521 clie
977 1487 1117 1529 ferrum
1142 1487 1238 1522 illud
1265 1514 1271 1521 .
1296 1516 1302 1522 .
1325 1515 1332 1522 .
1360 1487 1601 1522 detraxistis?

950 1535 1157 1569 inritandis
1188 1535 1376 1569 hominum
1403 1534 1534 1581 oeulis]
1584 1535 1661 1571 Der

901 1581 972 1617 mit-
997 1582 1082 1616 dem
1108 1581 1209 1617 Part.
1241 1583 1476 1618 inminentem
1509 1583 1661 1618 koordi-

119 1248 176 1280 22.
202 1246 318 1292 ipsos]
346 1245 370 1280 i.
399 1257 429 1281 e.
458 1258 496 1282 se
522 1258 693 1291 suosque.

122 1296 178 1328 23.
218 1297 324 1329 artae
355 1305 412 1329 res
447 1294 669 1339 ‘bedrangte
695 1294 827 1340 Lage’.

69 1340 156 1385 Vgl.
192 1340 262 1383 IV,
299 1345 344 1376 50
377 1345 480 1377 artae
511 1342 722 1387 Leptitanis
752 1354 828 1385 res,-

71 1387 154 1424 Liv.
175 1387 344 1433 XXVIII,
371 1393 417 1424 24
431 1391 587 1426 artiores
600 1401 676 1434 res;
694 1390 826 1434 XXVI,

73 1440 116 1472 17
144 1436 186 1471 in
211 1440 293 1472 arto
324 1435 378 1471 ‘in
405 1436 470 1472 der
495 1437 695 1473 Klemme'.

117 1487 173 1519 25.
193 1484 372 1531 intentus]
387 1484 625 1530 ‘aufgelegt’,
644 1485 713 1521 wie
728 1485 789 1530 IV,
805 1490 824 1521 2

66 1533 230 1567 nondum
255 1533 305 1568 ad
330 1543 441 1568 curas
465 1534 638 1568 intentus.

117 1579 179 1615 70.
201 1583 232 1615 2.
257 1580 449 1616 Cornelius
463 1581 658 1616 Martialis
677 1581 727 1616 ist
746 1592 826 1616 ver-

70 1627 247 1663 schieden
266 1639 339 1663 von
360 1628 443 1664 dem
465 1630 576 1664 unter
594 1629 694 1664 Nero
715 1629 826 1674 abge-

66 1675 209 1711 setzten
238 1675 513 1711 Militartribun
545 1675 711 1722 gleiches
748 1677 826 1712 Na-

66 1733 171 1758 mens
205 1723 263 1768 (A.
290 1723 370 1768 XV,
399 1724 476 1769 71),
510 1735 620 1759 wenn
653 1724 823 1760 derselbe

66 1771 172 1805 nicht
196 1771 293 1806 nach
318 1771 438 1807 Neros
464 1771 568 1807 Tode
602 1783 675 1807 von
702 1772 823 1808 Galba

68 1817 142 1853 den
161 1818 272 1865 Rang
292 1818 395 1854 eines
414 1818 680 1864 Primipilaren
701 1820 826 1856 erbal-

64 1867 130 1901 ’cen
154 1866 274 1901 hatte.

114 1924 131 1949 e
150 1914 470 1961 primipilaribus]
498 1915 533 1950 d.
554 1913 578 1949 i.
606 1915 725 1959 primi
750 1916 826 1959 pili

67 1961 202 1996 honore
216 1962 427 2006 perfunctis
442 1963 499 2006 (A.
515 1961 614 2007 XIII,
631 1964 701 2006 36).
735 1962 824 1997 Die—

63 2007 238 2054 jenigen,
272 2009 415 2044 welche
441 2009 584 2044 Ffihrer
609 2010 675 2045 der
701 2011 823 2045 ersten

67 2055 243 2092 Centurie
276 2056 379 2092 einer
413 2057 558 2103 Legion
597 2057 687 2093 oder
720 2057 824 2092 einer

66 2102 469 2140 Pratorianerkohorte
495 2115 666 2150 gewesen
698 2116 825 2141 waren

65 2152 330 2197 (primipilaris
342 2163 418 2188 von
434 2153 651 2197 primipi'lus
676 2152 716 2188 in
741 2154 823 2189 der-

69 2198 199 2234 selben
232 2199 472 2245 Bedeutung‚
514 2200 587 2236 wie
619 2202 825 2236 consularis

67 2258 142 2282 von
168 2248 320 2293 consul),
357 2247 540 2283 erhielten
566 2247 823 2284 Rittercensus

66 2295 178 2330 nebst
208 2294 274 2330 der
299 2295 393 2330 dazu
420 2296 626 2341 geborigen
651 2297 823 2332 Ausstat-

67 2342 163 2387 tung
189 2354 263 2377 von
290 2346 434 2378 400000
455 2343 648 2379 Sesterzen
666 2344 743 2379 und
762 2345 824 2380 be-

65 2389 268 2434 kleideten,
296 2402 404 2425 wenn
431 2390 484 2426 sie
505 2390 636 2426 weiter
656 2391 820 2436 dienten,

66 2436 257 2472 Tribunen
273 2458 286 2464 -
338 2438 428 2472 oder
471 2437 820 2474 Prafekbenstellen.

65 2483 92 2529 Ι,
108 2488 230 2520 31.87.
245 2484 290 2528 II,
300 2489 356 2521 22.
371 2485 434 2529 IV,
447 2484 609 2529 15.A.II,
626 2486 819 2530 11.1V,72.

115 2536 147 2568 3.
197 2534 346 2568 turbari
399 2532 529 2569 ‘nicht
578 2533 820 2579 eingehalten

66 2580 243 2615 werden'.

107 2638 264 2672 prorsus
292 2627 427 2663 ‘eitel’.

116 2678 150 2710 4.
207 2676 425 2722 imayinem]
486 2675 567 2712 ‘ein
624 2676 817 2722 Trugbild,

71 2721 352 2758 Seheinwesen'
388 2723 459 2758 mit
493 2723 579 2758 dem
606 2723 698 2759 Gen.
734 2724 817 2761 Ger.

67 2770 272 2817 deponendi
312 2771 460 2816 imperii
506 2771 631 2807 ‘einer
667 2772 817 2808 Abdan-

67 2816 184 2863 kung’
222 2818 320 2853 nach
351 2817 536 2864 Analogie
569 2830 642 2855 von
673 2822 816 2865 speeies.

115 2869 145 2900 5.
170 2875 236 2900 cur
255 2865 367 2911 enim]
392 2866 550 2901 ‘warum
571 2866 669 2902 denn
684 2869 817 2903 sonst’.

67 2910 143 2946 Der
168 2912 276 2958 Konj.
314 2913 415 2948 steht
450 2913 488 2948 in
516 2912 575 2950 Or.
603 2914 698 2959 obl.,
732 2915 819 2951 weil

899 1628 1021 1665 nierte
1029 1630 1139 1665 finale
1148 1629 1262 1665 Dativ
1274 1630 1339 1665 des
1349 1630 1509 1665 Gerund.
1523 1630 1660 1667 driiekt

902 1688 980 1722 aus,
1006 1688 1112 1712 wozu
1133 1677 1199 1712 cler
1219 1677 1462 1723 Gegenstand
1481 1678 1659 1724 geeignet

899 1724 966 1770 ist,
993 1736 1042 1760 an
1069 1725 1140 1759 den
1168 1736 1207 1760 er
1234 1724 1314 1760 sich
1342 1725 1573 1762 ansehliesst.
1621 1727 1657 1761 S.

898 1785 943 1808 zu
970 1783 999 1809 c.
1028 1777 1085 1817 20,
1115 1777 1168 1808 13.

950 1824 981 1856 6.
1009 1821 1134 1866 quam]
1164 1822 1260 1856 statt
1279 1822 1406 1865 potius
1432 1833 1559 1866 qnam,
1584 1822 1656 1857 wie

899 1879 928 1902 e.
953 1872 996 1903 60
1023 1880 1068 1902 πε
1094 1879 1180 1903 suas
1205 1869 1347 1913 quidem
1376 1870 1531 1914 Zeyiones
1551 1880 1657 1914 oppe-

899 1916 1092 1951 riebantur
1137 1919 1178 1950 ut
1211 1917 1376 1960 praedae
1415 1928 1525 1961 quam
1555 1919 1654 1961 peri-

898 1964 1063 1998 culorum
1089 1963 1216 1999 socias.
1244 1962 1306 2007 IV,
1335 1967 1379 1998 55
1400 1964 1477 2008 ipse
1503 1975 1520 2000 e
1539 1965 1656 2000 maio—

896 2011 1001 2046 ribus
1043 2011 1121 2046 suis
1165 2011 1277 2045 hostis
1313 2012 1450 2056 populi
1491 2011 1656 2048 Romami

897 2070 1007 2103 quam
1032 2059 1145 2094 socios
1171 2058 1357 2103 iactabat3
1381 2071 1409 2095 e.
1429 2063 1472 2094 76
1493 2061 1603 2096 verba
1624 2064 1657 2096 et

899 2107 1083 2142 contiones
1133 2117 1242 2151 quam
1293 2106 1429 2149 ferrum
1476 2111 1508 2143 et
1546 2120 1653 2144 arma

897 2155 1126 2197 meditanti33
1185 2164 1215 2187 ο.
1268 2157 1312 2189 83
1367 2155 1432 2190 ubi
1476 2157 1655 2192 securitas

898 2202 1018 2245 red-iit,
1045 2203 1274 2247 voluptatum
1299 2213 1410 2247 quam
1434 2204 1654 2249 reliyiorzum

898 2250 1090 2294 adpetens3
1150 2249 1193 2292 V,
1247 2253 1267 2283 5
1313 2260 1467 2294 corpora
1505 2253 1655 2287 condire

897 2309 1008 2342 quam
1058 2307 1225 2333 cremare.
1302 2297 1485 2343 Draeger,
1545 2298 1651 2344 Synt.

898 2348 917 2387 ξ
946 2349 1025 2388 181,
1051 2345 1086 2380 b.

939 2392 1105 2438 penates]
1134 2404 1160 2427 5.
1187 2404 1231 2426 zu
1259 2402 1287 2426 e.
1316 2395 1373 2437 68,
1402 2397 1457 2430 17.

942 2444 975 2475 8.
1003 2451 1074 2476 arx
1102 2439 1178 2474 ‘die
1199 2439 1432 2486 Hoehburg'.

943 2492 975 2523 9.
1003 2488 1252 2523 celeberrimus
1290 2487 1372 2523 ‘der
1398 2488 1649 2535 besuchteste,

893 2535 1132 2571 belebteste’.
1479 2578 1483 2579 .

944 2587 998 2618 10.
1037 2583 1218 2628 toyatum]
1259 2594 1345 2628 opp.
1378 2585 1551 2629 sagatum
1589 2585 1652 2627 vel

893 2631 1128 2676 paludatum.
1176 2629 1252 2665 Cic.
1289 2630 1366 2667 Cat.
1401 2631 1451 2666 ΠΙ
1479 2635 1498 2674 ἓ
1525 2635 1570 2667 23
1596 2636 1650 2667 ΐο-

891 2679 972 2723 {sati
996 2690 1049 2713 me
1069 2688 1143 2713 uno
1169 2681 1291 2723 toyato
1317 2679 1407 2714 duee
1433 2683 1465 2714 ei
1493 2680 1649 2725 impera-

891 2729 967 2762 tore
992 2727 1151 2772 vicistis3
1179 2725 1310 2761 ebend.
1337 2726 1372 2760 Π
1399 2729 1418 2769 ξ
1446 2730 1502 2761 28.

943 2777 997 2808 11.
1024 2784 1141 2808 mmm
1167 2783 1184 2808 e
1208 2774 1454 2820 senatoribus]
1482 2774 1566 2808 ‘nur
1586 2774 1646 2809 ein

893 2820 1080 2856 einzelner
1101 2820 1288 2865 Senator’,
1316 2821 1351 2855 d.
1372 2821 1394 2856 i.
1425 2820 1501 2856 ‘ein
1528 2821 1642 2857 Sena-

891 2870 952 2904 tor
978 2867 1049 2903 wie
1076 2868 1243 2903 andere’.

940 2916 1025 2952 dum
1049 2943 1078 2950 ..
1097 2944 1102 2950 .
1125 2916 1332 2962 iudicatur]
1357 2928 1383 2952 5.
1405 2929 1448 2951 zu
1470 2927 1499 2950 e.
1517 2920 1572 2960 38,
1588 2920 1647 2954 20.

1685 1073 1718 1097 10
