1859 3182
115 479 170 521 15

114 1313 169 1354 16

187 132 272 174 218

701 128 862 165 TACITI
890 129 1084 165 HISTORI
1093 129 1252 165 ARIUM

186 243 456 282 adiacentibus
489 241 858 294 superfunderetur.
911 254 953 280 ea
980 241 1058 280 loci
1084 242 1220 293 forma,
1249 242 1412 279 incertis
1446 240 1553 279 vadis
1586 240 1750 280 subdola

134 314 168 338 10
189 309 227 342 et
270 302 384 341 nobis
423 302 602 340 adversa:
648 302 794 352 quippe
833 300 946 339 miles
985 300 1183 339 Romanus
1230 301 1350 339 armis
1389 301 1518 351 gravis
1560 305 1599 339 et
1630 300 1750 339 nandi

185 362 367 414 pavidus,
400 361 614 400 Germanos
642 360 872 399 fluminibus
905 365 1039 399 suetos
1066 360 1201 399 levitas
1235 372 1434 398 armorum
1468 364 1506 398 et
1532 361 1751 411 proceritas

188 433 399 473 corporum
433 420 585 459 attollit.

303 480 428 531 Igitur
478 479 762 518 lacessentibus
814 478 967 518 Batavis
1024 479 1269 518 ferocissimo
1328 479 1471 529 cuique
1522 482 1750 516 nostrorum

185 545 370 591 coeptum
396 544 612 591 certamen3
646 538 786 577 deinde
820 544 904 577 orta
937 539 1165 590 trepidatio,
1199 550 1289 576 cum
1321 536 1505 588 praealtis
1538 536 1748 588 paludibus

186 611 292 638 arma
332 600 424 650 equi
456 598 725 637 haurirentur.
782 597 968 636 Germani
1001 599 1103 637 notis
1135 597 1244 636 vadis
1277 595 1565 648 persultabant,
1604 597 1748 635 omissa

183 658 418 710 plerumque
461 658 588 697 fronte
628 658 749 696 latera
787 669 831 696 ac
875 662 985 708 terga
1027 657 1395 696 circumvenientes.

1458 667 1586 707 neque
1624 661 1669 694 ut
1710 657 1748 694 in

150 718 364 769 5pedestri
411 719 493 756 acie
539 718 758 756 comminus
804 716 1045 768 certabatur,
1095 717 1162 755 sed
1208 722 1407 766 tamquam
1452 714 1578 753 navali
1620 727 1750 766 pugna

184 779 272 828 vagi
303 779 406 816 inter
439 776 563 815 undas
602 782 687 827 aut,
733 777 766 815 si
799 776 892 827 quid
932 776 1069 815 stabile
1110 774 1364 827 occurrebat,
1408 775 1502 813 totis
1541 773 1634 812 illuc
1667 786 1751 812 cor-

185 836 349 888 poribus
383 838 572 887 nitentes,
605 836 799 874 vulnerati
831 848 922 874 cum
954 836 1138 888 integris,
1175 835 1295 886 periti
1326 833 1446 873 nandi
1478 846 1568 872 cum
1603 833 1752 884 ignaris

184 897 224 934 in
251 901 428 935 mutuam
449 897 666 946 perniciem
688 895 990 946 inplicabantur.
1037 896 1165 933 minor
1185 900 1316 933 tamen
1344 906 1460 944 quam
1481 905 1553 944 pro
1578 891 1752 932 tumultu

185 955 343 1007 caedes,
384 956 474 1006 quia
507 967 584 993 non
617 956 703 993 ausi
736 954 872 1006 egredi
904 954 1086 1005 paludem
1127 954 1313 993 Germani
1350 954 1391 991 in
1423 958 1552 992 castra
1585 951 1752 991 rediere.

132 1026 165 1051 10
185 1016 270 1053 eius
303 1014 445 1065 proelii
484 1019 648 1053 eventus
687 1019 901 1065 utrumque
947 1014 1088 1053 ducem
1128 1014 1294 1052 diversis
1333 1013 1453 1050 animi
1492 1011 1665 1050 motibus
1705 1011 1751 1049 ad

185 1074 462 1113 maturandum
496 1086 671 1112 summae
703 1075 762 1112 rei
795 1073 1010 1112 discrimen
1044 1075 1186 1112 erexit:
1220 1072 1353 1111 Civilis
1380 1073 1528 1110 instare
1558 1071 1753 1122 fortunae,

185 1132 348 1172 Cerialis
381 1133 538 1172 abolere
570 1134 842 1185 ignominiam,
881 1132 1065 1171 Germani
1104 1133 1307 1183 prosperis
1346 1131 1516 1181 feroces,
1555 1129 1752 1168 Romanos

183 1193 311 1243 pudor
344 1194 594 1231 excitaverat.

186 1264 254 1303 per
286 1254 385 1290 iram
418 1257 456 1290 et
488 1253 612 1290 minas
645 1256 741 1290 acta.

656 1205 733 1230 nox
766 1192 869 1243 apud
903 1191 1092 1230 barbaros
1125 1196 1244 1229 cantu
1277 1194 1343 1228 aut
1376 1189 1567 1241 clamore,
1603 1189 1752 1227 nostris

302 1311 463 1350 Postera
508 1311 595 1350 luce
637 1310 800 1350 Cerialis
846 1311 980 1362 equite
1025 1315 1065 1348 et
1109 1308 1325 1348 auxiliariis
1370 1307 1601 1346 cohortibus
1646 1307 1754 1345 fron-

233 1454 263 1484 9.
308 1450 405 1484 locus
438 1448 633 1484 ‘Tei-rain’.
667 1469 706 1474 —
733 1439 833 1482 [lber
867 1447 927 1482 die

186 1497 421 1542 Auslassung
446 1508 519 1532 von
545 1500 623 1531 erat
658 1509 684 1531 s.
711 1507 754 1529 zu
779 1495 807 1538 I,
834 1498 866 1539 9,
894 1499 925 1528 3.

236 1548 291 1579 10.
316 1545 441 1589 ‘qrcwis
468 1543 702 1585 ‘beschwert‚
729 1546 838 1577 unter
864 1542 929 1576 der

129 1590 134 1594 ’
186 1591 305 1626 Last’.
327 1590 482 1626 Welohe
494 1589 818 1635 vielbesproehene
829 1588 927 1624 Kon-

180 1639 310 1683 jektur
349 1639 444 1673 Jean
475 1637 655 1673 Bouhiers
695 1649 776 1671 zum
809 1637 929 1671 Horaz

184 1686 275 1720 wird
315 1686 431 1720 durch
470 1685 539 1720 den
577 1684 773 1719 Ausdruck
816 1685 929 1719 armis

183 1734 309 1779 pravis
333 1734 582 1768 unterstiitzt?

231 1782 351 1816 nandi
370 1780 548 1826 pavidus]
570 1791 619 1815 sc.
641 1781 706 1814 est.
734 1779 809 1813 Der
827 1780 928 1813 tran-

185 1828 294 1863 sitive
329 1828 419 1863 Gen.
459 1828 574 1870 steht,
614 1827 682 1862 wie
708 1827 751 1861 A.
784 1826 847 1870 IV,
883 1830 926 1861 38

183 1876 421 1920 offensionum
457 1886 532 1910 non
560 1875 720 1920 pavidus
734 1887 746 1916 ‚·
789 1874 926 1908 Lucan.

183 1923 311 1958 Phars.
350 1923 454 1966 VIII,
491 1927 558 1958 811
598 1923 755 1968 pavidos
794 1920 928 1956 Cilicas

182 1972 317 2013 maris,·
336 1970 469 2016 Heges.
482 1970 509 2014 Ι,
524 1973 581 2013 33,
603 1970 737 2015 proelii
756 1970 923 2011 pavidus.

233 2023 250 2052 1
260 2019 506 2062 1.fluminibus
518 2018 649 2063 suetos]
661 2028 686 2051 s.
698 2029 741 2050 zu
750 2016 792 2059 ΙΙ,
805 2020 859 2060 17,
872 2020 925 2050 10.

232 2067 357 2101 levitas
383 2065 582 2111 armorum]
610 2076 636 2101 s,
658 2064 700 2099 A.
721 2063 766 2105 II,
789 2067 832 2098 14
852 2074 928 2098 non

184 2114 334 2149 loricam
360 2113 559 2156 Germano,
589 2124 664 2147 non
688 2113 847 2156 quicum,
883 2122 927 2146 ne

183 2164 287 2196 scuta
311 2162 454 2205 quidem
478 2161 576 2204 ferro
600 2170 750 2195 nervove
767 2160 928 2202 firmata,

184 2209 246 2243 sed
283 2209 461 2243 viminum
494 2211 614 2242 teoetus
649 2208 703 2242 vel
739 2206 857 2241 tenuis
895 2210 927 2241 et

184 2256 331 2299 fucatas
357 2257 471 2291 colore
496 2256 660 2297 tabulas;
688 2254 729 2290 G.
758 2259 790 2289 6.

227 2303 444 2348 proceritas]
474 2315 500 2338 s,
527 2315 571 2337 zu
598 2302 660 2345 1V,
689 2305 718 2346 1,
746 2306 777 2336 5.

236 2354 291 2385 12.
330 2351 479 2396 attollit]

186 2397 364 2433 Wasser'.

235 2444 297 2481 15.
327 2449 356 2481 1.
384 2444 526 2489 cuique]
554 2456 580 2479 s.
609 2456 652 2478 zu
680 2445 705 2487 I,
736 2447 790 2487 14,
817 2448 849 2479 8.

233 2496 264 2527 3.
304 2504 408 2527 arma
439 2492 537 2537 equi]
587 2491 802 2536 Asyndeton
843 2502 929 2525 enu-

185 2540 417 2575 merativum.
447 2539 622 2584 Draeger,
644 2540 745 2583 Synt.
767 2542 785 2580 ἕ
803 2541 881 2582 134,
898 2542 927 2573 1.

233 2587 353 2633 vadis]
381 2586 463 2620 Abl.
491 2587 590 2630 viae3
619 2599 645 2621 s.
668 2599 711 2620 zu
733 2586 796 2629 IV,
818 2590 873 2628 77,
895 2589 927 2620 2.

236 2637 267 2668 5.
289 2635 487 2669 comminus
507 2634 731 2679 certabatur]
752 2634 786 2669 d.
802 2633 825 2668 i.
846 2633 928 2668 eine

189 2679 288 2726 μάχη
313 2678 456 2716 σταόιά.
490 2681 632 2726 Vg1.11‚
647 2684 692 2716 35
706 2692 768 2716 nec
778 2681 930 2725 perinde

189 2733 361 2764 nutantes
371 2741 386 2764 e
396 2729 553 2764 navibus
563 2741 670 2773 quam
680 2729 807 2763 stabili·
812 2728 934 2774 ¹qradu

192 2787 210 2811 e
236 2778 322 2822 ripa
346 2777 498 2811 vulnera
522 2777 742 2821 (Zeriyebant.

238 2827 269 2858 6.
290 2824 416 2859 stabile
435 2824 500 2867 ist,
528 2835 584 2859 wo
604 2834 690 2858 man
709 2824 830 2858 festen
848 2822 935 2858 Fuss

190 2869 314 2906 fassen
350 2871 470 2913 kann,
509 2870 587 2906 also
629 2870 757 2906 ‘fester
794 2870 933 2912 Boden,

191 2918 353 2954 sicherer
374 2918 528 2953 Grund'.
560 2918 645 2963 Vgl.
666 2918 743 2953 Liv.
765 2917 892 2960 XLIV,
913 2920 932 2952 5

539 2350 676 2385 ‘erh‘itlt
720 2348 812 2384 fiber
843 2348 926 2383 dem

998 1448 1161 1483 stabilem
1188 1448 1237 1483 ad
1262 1446 1503 1491 insistendum
1528 1445 1674 1480 nanctis
1699 1445 1750 1480 Io-

1001 1507 1091 1531 cum.

1049 1542 1152 1587 illuc]
1199 1540 1269 1575 mit
1312 1541 1396 1574 dem
1433 1539 1650 1574 Ausdruoke
1689 1539 1753 1574 des

1003 1588 1245 1634 Zielbegriffs,
1267 1588 1361 1622 statt
1380 1591 1421 1622 ut
1440 1588 1518 1622 illic
1531 1588 1750 1622 insisterent.

1001 1637 1087 1682 Vgl.
1115 1649 1160 1671 zu
1185 1635 1252 1679 IV,
1288 1639 1346 1678 18,
1377 1638 1420 1669 18
1444 1635 1535 1669 illuc
1559 1635 1755 1669 incubuere

1004 1684 1198 1726 Germani;
1223 1683 1301 1719 Liv.
1327 1682 1372 1727 H,
1400 1685 1455 1725 50,
1482 1686 1502 1716 9
1524 1692 1561 1716 eo
1580 1682 1656 1716 nisi
1674 1691 1754 1716 cor-

995 1733 1152 1777 poribus
1173 1731 1353 1776 armisque
1372 1740 1503 1775 rupere
1516 1739 1627 1764 cuneo
1641 1730 1750 1765 viam.

1050 1782 1081 1814 8.
1109 1780 1151 1814 in
1175 1783 1340 1813 mutuam
1365 1777 1567 1822 perniciem
1590 1777 1750 1821 inplica-

1002 1827 1154 1872 bantur]
1184 1826 1351 1861 ‘wurden
1379 1824 1480 1860 einer
1506 1834 1590 1858 vom
1613 1824 1754 1858 andern

1000 1875 1057 1909 ins
1084 1874 1299 1909 Verderben
1323 1872 1393 1907 mit
1418 1870 1688 1916 fortgerissen'.

1049 1933 1157 1967 quum
1177 1921 1263 1967 pro]
1291 1933 1316 1957 S.
1344 1932 1388 1955 zu
1412 1919 1474 1964 IV,
1502 1922 1560 1960 33,
1588 1921 1644 1953 14.

1049 1973 1080 2004 9.
1107 1969 1206 2003 Uber
1231 1969 1353 2015 eyredi
1381 1967 1452 2002 mit
1477 1967 1512 2002 d.
1537 1967 1623 2001 Ace.
1651 1977 1678 2001 s.
1705 1977 1750 2001 zu

1001 2017 1063 2060 IV,
1091 2020 1156 2060 44,
1184 2019 1216 2051 8.

1048 2064 1185 2110 castra]
1221 2063 1373 2103 Vetera,
1405 2061 1470 2096 ubi
1501 2061 1748 2097 consederant

1001 2113 1045 2155 (e.
1075 2115 1136 2155 14,
1162 2116 1211 2155 2).

1050 2163 1104 2195 10.
1131 2159 1250 2194 animi
1274 2160 1391 2192 motus
1418 2156 1684 2191 ‘Triebfeder’.

1051 2211 1067 2240 1
1076 2211 1091 2241 1
1100 2234 1106 2241 .
1116 2217 1274 2241 summae
1285 2206 1340 2240 rei
1347 2201 1751 2240 discrimen‘Entschei-

1001 2253 1287 2298 dungskampf',
1313 2252 1384 2286 wie
1411 2251 1453 2286 A.
1480 2251 1525 2293 II,
1554 2254 1607 2287 12.

1051 2301 1179 2347 eremit]
1207 2312 1234 2335 s.
1261 2312 1303 2334 zu
1329 2299 1392 2342 IV,
1421 2302 1476 2342 74,
1503 2302 1558 2333 24.

1048 2350 1187 2383 instare
1201 2369 1244 2373 —
1257 2346 1412 2393 abolere]
1435 2346 1494 2381 ein
1508 2345 1750 2381 vereinzelter

1002 2396 1068 2431 Inf.
1097 2395 1355 2440 descriptivus.
1686 2392 1689 2395 ’

1051 2448 1105 2479 12.
1127 2443 1331 2489 prosperis]
1359 2454 1386 2477 s.
1413 2453 1455 2475 zu
1482 2440 1544 2484 ΙΙΙ,
1572 2443 1629 2484 64,
1655 2443 1688 2475 8.

1048 2491 1196 2537 feroces]
1215 2503 1240 2525 s.
1257 2502 1302 2524 zu
1321 2490 1382 2533 IV,
1396 2492 1452 2532 23,
1470 2492 1511 2523 12
1527 2488 1602 2523 und
1618 2491 1674 2530 57,
1691 2490 1747 2522 13.

1048 2543 1100 2573 13.
1111 2539 1211 2583 apud
1226 2539 1401 2573 barbaros
1414 2539 1526 2571 cantu
1540 2538 1606 2569 aut
1621 2535 1751 2570 clamo-

1002 2597 1052 2629 re,
1062 2587 1197 2620 nostris
1206 2596 1273 2630 per
1280 2586 1374 2620 iram
1386 2588 1418 2619 et
1425 2582 1558 2628 minas]
1571 2581 1750 2617 Bemerke

1004 2634 1074 2668 den
1106 2633 1319 2668 dreifachen
1351 2630 1527 2665 Wechsel
1558 2630 1622 2664 der
1653 2629 1750 2664 Kon—

1004 2680 1209 2723 struktion3
1242 2681 1333 2715 iiber
1360 2679 1431 2713 den
1458 2676 1631 2712 Wechsel
1663 2676 1751 2710 zwi—

1009 2727 1121 2761 schen
1148 2728 1266 2762 Kasus
1291 2726 1367 2761 und
1395 2723 1630 2770 Priiposition
1655 2735 1682 2758 s.
1709 2735 1754 2758 zu

1010 2775 1034 2818 Ι,
1056 2779 1112 2818 35,
1136 2779 1176 2809 11
1204 2775 1280 2809 und
1306 2773 1480 2818 Draegm,
1502 2771 1604 2816 Synt.
1625 2774 1644 2813 ξ
1667 2774 1752 2814 105;

1009 2822 1097 2857 iiber
1123 2822 1182 2857 die
1208 2822 1428 2866 Bedeutung
1459 2830 1531 2854 von
1557 2821 1622 2853 aut
1654 2830 1681 2854 s.
1708 2829 1751 2852 zu

985 2869 1068 2912 JV,
1098 2873 1151 2913 16,
1181 2873 1222 2904 17
1249 2869 1324 2905 und
1349 2880 1393 2903 zu
1418 2867 1468 2911 II,
1495 2870 1551 2911 92,
1577 2869 1610 2901 9.

1056 2917 1118 2952 16.
1148 2920 1178 2951 1.
1205 2917 1335 2962 equite]
1373 2914 1549 2950 Weloher
1573 2911 1751 2948 Ablativ?
1794 2923 1796 2926 ’
