1859 3182
126 981 181 1023 79

211 106 294 148 186

740 105 905 141 TACITI
930 105 1268 141 HISTORIARUM
1286 110 1289 113 '

203 219 427 257 consistunt
465 229 536 267 per
574 216 758 255 cohortes
798 222 836 255 et
876 217 1114 269 manipulos,
1160 230 1288 269 neque
1329 219 1432 256 enim
1472 222 1626 268 poterat
1664 224 1769 269 pate-

202 289 313 315 scere
347 277 451 315 acies
485 276 606 314 effuso
640 275 752 314 hoste
786 282 825 314 et
852 276 1159 327 impedientibus
1187 278 1369 316 tentoriis
1397 278 1654 328 sarcinisque,
1680 289 1771 316 cum

201 337 303 374 intra
336 335 480 374 vallum
512 340 767 386 pugnaretur.
813 335 939 373 Tutor
966 341 1005 374 et
1031 335 1229 374 Classicus
1262 342 1301 374 et
1328 335 1461 374 Civilis
1489 337 1571 374 suis
1599 337 1767 387 quisque

163 394 298 434 5locis
343 407 514 446 pugnam
560 394 733 445 ciebant,
779 394 908 432 Gallos
953 407 1025 445 pro
1069 394 1271 447 libertate,
1315 394 1480 434 Batavos
1525 407 1596 446 pro
1636 394 1772 447 gloria,

201 454 418 492 Germanos
450 454 497 492 ad
531 453 715 505 praedam
755 454 1000 504 instigantes.

1065 459 1104 492 et
1143 459 1284 493 cuncta
1323 466 1394 505 pro
1434 453 1615 493 hostibus
1648 460 1771 506 erant,

201 513 325 552 donec
359 512 459 564 legio
493 514 828 551 unaetvicensima
867 514 1088 563 patentiore
1123 526 1240 565 quam
1266 519 1422 552 ceterae
1456 514 1581 564 spatio
1615 512 1771 564 conglo-

198 571 287 610 bata
322 574 513 611 sustinuit
544 578 725 624 ruentes,
758 584 848 610 mox
882 572 1035 623 inpulit.

198 637 362 682 repente
395 633 535 670 animis
568 637 679 682 terga
719 632 888 670 victores
929 637 1093 670 vertere.

678 703 776 742 quae
822 692 950 741 primo
995 692 1146 742 impetu
1192 691 1380 730 disiectae
1421 692 1586 730 summis
1629 703 1772 729 rursus

144 698 178 722 10
198 691 388 741 adspectu
429 691 625 742 ferebant,

1098 585 1170 612 nec
1210 574 1294 611 sine
1328 585 1401 623 ope
1439 573 1569 611 divina
1610 573 1770 611 mutatis

1156 633 1233 683 ipsi
1270 633 1432 670 territos
1471 644 1512 670 se
1546 631 1770 670 cohortium

197 751 300 800 iugis
334 750 676 801 congregabantur
709 762 752 788 ac
786 751 960 800 speciem
992 752 1082 789 novi
1113 750 1248 789 auxilii
1281 751 1475 803 fecerant3
1512 750 1580 788 sed
1616 749 1765 788 obstitit

197 809 448 848 vincentibus
480 822 644 860 pravum
678 811 782 847 inter
815 811 922 860 ipsos
956 815 1156 848 certamen
1190 811 1335 848 omisso
1368 810 1482 848 hoste
1522 808 1645 861 spolia
1678 821 1768 848 con-

197 869 385 908 sectandi.
432 868 594 907 Cerialis
621 873 664 907 ut
696 869 849 907 incuria
874 881 999 920 prope
1026 882 1110 908 rem
1137 869 1303 922 adflixit,
1330 870 1383 908 ita
1411 870 1630 908 constantia
1657 869 1770 907 resti-

198 929 273 966 tuit
301 933 543 979 secutusque
571 928 770 966 fortunam
791 934 919 967 castra
939 928 1112 967 hostium
1136 929 1274 967 eodem
1294 929 1357 967 die
1379 929 1483 980 capit
1503 927 1769 979 excinditque.

316 987 396 1026 Nec
436 989 475 1025 in
522 987 682 1037 longum
721 988 834 1038 quies
874 987 990 1026 militi
1029 988 1129 1028 data.

1193 987 1358 1026 orabant
1401 987 1590 1026 auxilium
1628 987 1766 1038 Agrip-

194 1048 382 1097 pinenses
425 1046 722 1098 offerebantque
762 1059 927 1085 uxorem
965 1059 1009 1086 ac
1049 1059 1227 1085 sororem
1261 1047 1395 1086 Civilis
1434 1052 1472 1086 et
1511 1046 1629 1085 filiam
1663 1045 1767 1085 Clas-

195 1107 284 1157 sici,
330 1105 467 1144 relicta
512 1105 589 1144 sibi
633 1107 796 1156 pignora
842 1108 1054 1145 societatis

1118 1112 1234 1157 atque
1280 1107 1440 1145 interim
1480 1106 1682 1156 dispersos
1726 1107 1767 1143 in

195 1165 377 1203 domibus
423 1165 639 1204 Germanos
684 1165 996 1218 trucidaverant,
1048 1165 1152 1204 unde
1196 1171 1326 1204 metus
1373 1171 1411 1204 et
1455 1167 1581 1204 iustae
1626 1176 1768 1216 preces

157 1225 477 1277 5invocantium,
524 1230 733 1276 antequam
773 1224 906 1263 hostes
951 1227 1145 1276 reparatis
1177 1225 1329 1264 viribus
1370 1225 1417 1263 ad
1463 1236 1573 1275 spem
1618 1223 1679 1262 vel
1720 1223 1766 1262 ad

192 1283 382 1323 ultionem
428 1285 744 1335 accingerentur.

242 1426 271 1456 2.
295 1432 363 1465 per
383 1422 520 1457 drfickt
538 1422 619 1457 hier
640 1421 699 1457 die
720 1421 942 1466 Verteilung

190 1467 243 1502 im
269 1468 411 1504 Raume
449 1480 535 1513 aus,
579 1469 649 1504 wie
682 1480 711 1504 c.
748 1473 791 1505 66
818 1470 941 1504 iuven·

193 1519 268 1551 tute
307 1527 428 1551 eorum
448 1528 518 1561 per
543 1517 702 1552 cohortes
727 1517 939 1561 compostum

191 1561 232 1597 G.
271 1567 291 1598 6
317 1563 413 1598 acies
432 1575 501 1608 per
532 1574 662 1599 euneos
693 1565 939 1608 componitur,

190 1611 232 1645 A.
274 1610 320 1655 II,
359 1614 403 1645 45
444 1612 613 1646 disiectas
651 1622 719 1655 per
763 1614 938 1653 catervas.

232 1664 429 1710 patescere]
467 1664 562 1699 ‘sich
587 1663 819 1707 ausbreiten,
859 1664 937 1699 sich

192 1711 404 1754 entfalten’3
433 1711 541 1746 dafur
566 1713 669 1747 sonat
694 1712 884 1756 emplieari.

236 1768 268 1799 5.
286 1776 452 1809 puynam
471 1766 562 1800 ciere
576 1765 680 1810 eigtl.
699 1765 787 1799 ‘den
801 1765 942 1809 Kampf

190 1811 228 1845 in
240 1812 454 1856 Bewegung
463 1814 599 1855 setzen,
609 1812 936 1855 waeh1-ufen’‚d.h.

191 1859 291 1893 ezum
311 1859 470 1904 Kampfe
499 1859 705 1904 anti-eiben,
726 1859 937 1903 anfeuern’,

187 1907 257 1941 wie
272 1906 318 1951 ΙΙ,
335 1911 379 1942 25
402 1908 619 1942 vulneratur
638 1919 703 1942 rex
720 1907 937 1952 Epiphanes

185 1954 340 1999 impiqre
368 1965 437 1999 pro
466 1954 602 1990 Othone
627 1966 794 2000 pnynam
820 1955 937 1997 ciens,-

185 2002 229 2035 A.
244 2001 304 2045 ΙΙΙ,
316 2006 360 2036 41
372 2013 539 2046 puqnam
548 2013 619 2046 pro
633 2002 812 2037 Romanis
826 2003 934 2037 ciens.

185 2048 234 2083 So
255 2050 377 2084 zuerst
396 2048 457 2084 bei
477 2050 589 2094 Verg.
604 2051 693 2085 Aen.
706 2050 733 2094 Ι,
755 2053 822 2084 541
844 2050 937 2085 bella

185 2097 298 2138 cient,
343 2097 441 2131 dann
479 2097 540 2132 bei
572 2097 700 2132 Livius
735 2098 776 2141 (s.
814 2108 857 2131 zu
890 2096 934 2141 II,

187 2146 246 2187 25,
275 2144 332 2188 13)

236 2196 380 2243 Gallos]
408 2197 588 2232 Treveros
615 2198 653 2232 et
678 2197 877 2242 Lingonas,

234 2254 264 2285 6,
277 2250 493 2297 Germanos]
505 2251 820 2294 Transrhenanos,
831 2250 935 2286 velut

185 2297 385 2333 Tencteros
411 2300 449 2333 et
474 2299 681 2334 Bructeros..

232 2363 297 2395 per
331 2351 392 2386 ‘zu
418 2353 597 2396 gunsten,
635 2351 817 2397 gfinstig'3
857 2351 930 2396 vgl.

187 2399 277 2443 Agr.
298 2402 342 2433 32
364 2401 489 2434 omnia
509 2400 682 2434 victoriae
695 2400 933 2434 incitamenta

184 2457 257 2490 pro
289 2447 394 2481 nobis
417 2450 513 2481 sunt.
566 2447 599 2482 S.
622 2445 799 2492 Draeger,
828 2445 929 2491 Synt.

186 2496 207 2535 ς
233 2497 288 2528 90.
688 2521 691 2524 .

235 2551 264 2581 7.
293 2547 617 2593 unaetvicensima]
646 2558 672 2581 s.
701 2559 730 2582 c.
759 2550 813 2591 68,
842 2550 897 2582 70.

237 2602 269 2633 8.
297 2600 456 2646 ruentes]
484 2612 508 2634 s.
540 2612 583 2634 zu
610 2600 673 2644 ΙΙΙ,
702 2604 757 2643 82,
787 2603 842 2636 18.

236 2664 301 2688 nec
332 2654 410 2688 sine
437 2654 525 2699 etc]
552 2653 637 2697 Vgl.
659 2653 747 2688 Sall.
774 2653 860 2688 hist.
887 2653 932 2688 fr.

188 2700 261 2734 inc.
297 2704 340 2735 62
374 2704 415 2734 ut
452 2704 558 2735 tanta
591 2704 734 2745 repente
776 2702 933 2736 mutatio

187 2758 263 2781 non
288 2749 366 2782 sine
391 2748 455 2783 cleo
479 2749 674 2783 videretur.

235 2798 266 2829 9.
293 2795 508 2841 cohortium]
537 2795 787 2830 auxiliarium.

235 2845 288 2876 10.
297 2842 621 2888 ferebant]‘gaben
630 2843 705 2885 an⁷3
717 2855 742 2877 s.
753 2855 796 2877 zu
805 2842 849 2886 II,
861 2847 891 2885 1,
901 2847 932 2877 5.

238 2893 289 2922 11.
322 2890 384 2925 sed
410 2891 513 2925 stellt
538 2890 588 2924 im
617 2890 844 2935 Gegensatze
871 2902 932 2924 zur

810 1296 978 1335 namque
1018 1290 1057 1323 et
1096 1284 1229 1323 Civilis
1267 1284 1360 1323 illuc
1400 1283 1767 1335 intende1¹at,‚non

1016 1422 1174 1466 Angabe
1188 1422 1252 1457 der
1266 1422 1405 1457 Feinde
1420 1422 1492 1457 den
1512 1420 1764 1467 eigentlichen

1016 1468 1192 1514 Hergang
1230 1469 1306 1504 und
1345 1470 1404 1504 die
1438 1470 1562 1504 wahre
1595 1468 1762 1503 Ursache

1015 1517 1080 1551 des
1096 1518 1314 1561 Ausganges
1336 1517 1412 1552 her.
1441 1516 1588 1552 Ebenso
1599 1519 1694 1559 c.79,
1707 1518 1762 1549 14.

1067 1564 1374 1609 12.vineentibus]
1392 1564 1521 1598 Damit
1541 1563 1624 1598 sind
1636 1564 1761 1598 natiir-

1014 1611 1090 1646 lich
1106 1611 1200 1646 eben
1215 1611 1405 1647 dieselben
1419 1611 1596 1656 gemeint,
1605 1611 1664 1646 die
1673 1610 1763 1645 kurz

1014 1660 1150 1694 vorher
1174 1660 1324 1694 victores
1349 1658 1507 1694 heissen.
1559 1658 1633 1693 Das
1659 1657 1760 1692 Part.

1011 1704 1136 1741 Praes.
1165 1707 1268 1741 steht
1292 1705 1363 1740 mit
1381 1705 1588 1741 Riicksicht
1613 1705 1679 1740 auf
1703 1705 1761 1739 die

1012 1752 1111 1797 Zeit,
1163 1765 1220 1789 wo
1266 1753 1319 1789 sie
1354 1754 1406 1788 im
1435 1753 1582 1788 Vorteil
1619 1763 1761 1788 waren:

1014 1800 1204 1846 ‘(damals)
1238 1801 1293 1836 als
1321 1800 1374 1836 sie
1396 1800 1580 1845 siegreich
1601 1799 1756 1834 waren’.

1058 1849 1154 1883 inter
1179 1849 1293 1894 ipsos]
1321 1861 1348 1883 s.
1375 1861 1418 1883 zu
1442 1848 1488 1891 V,
1515 1852 1547 1892 5,
1576 1851 1607 1883 7.

1058 1896 1188 1931 omisso
1213 1896 1327 1942 hoste]
1356 1908 1382 1931 s.
1411 1907 1454 1930 zu
1480 1907 1509 1931 c.
1538 1899 1570 1937 6,
1597 1899 1630 1930 8.

1062 1944 1262 1978 consectari
1290 1943 1543 1989 ‘nachjagen’.

1062 2001 1114 2031 13.
1141 2000 1183 2031 ut
1200 2017 1240 2022 —-
1256 1997 1328 2043 ita]
1358 1997 1531 2032 ‘zwar—
1546 1996 1650 2031 aber’
1686 1995 1756 2031 wie

1011 2056 1040 2079 c.
1068 2048 1124 2088 80,
1153 2048 1184 2079 5.
1211 2044 1237 2088 Ι,
1260 2048 1293 2088 7,
1320 2049 1351 2080 6.
1378 2044 1423 2087 Il,
1450 2048 1509 2087 37,
1535 2047 1572 2087 8;
1620 2043 1758 2078 ebenso

1009 2093 1219 2127 sicut—ita
1230 2092 1257 2135 Ι,
1272 2095 1394 2135 52,1θ.
1410 2092 1454 2135 V,
1472 2095 1502 2135 7,
1519 2095 1550 2126 6.
1579 2091 1756 2134 Heraeus

1009 2139 1074 2174 lat.
1116 2139 1285 2184 Schulgr.
1324 2143 1343 2181 ξ
1376 2143 1457 2184 211,
1493 2143 1524 2174 3.
1583 2138 1756 2182 Draeger,

1010 2186 1113 2231 synt.
1141 2189 1160 2228 ξ
1189 2190 1267 2221 173.

1055 2245 1130 2269 rem
1155 2234 1327 2279 adfliyere
1355 2233 1429 2269 ‘die
1450 2232 1569 2268 Sache
1601 2231 1750 2268 verder-

1008 2281 1109 2316 ben'.

1058 2338 1111 2369 14.
1150 2335 1339 2377 fortunam
1369 2335 1470 2379 sequi
1503 2334 1592 2369 ‘den
1621 2332 1752 2378 Erfolg

1006 2382 1241 2425 ausnutzen⁷3
1274 2393 1304 2417 e.
1326 2386 1383 2426 34,
1411 2386 1430 2417 6
1457 2392 1603 2417 ewrsnm
1627 2389 1750 2416 rernm

1006 2439 1115 2474 sequi.

1057 2494 1118 2530 79.
1156 2499 1185 2529 1.
1212 2495 1254 2529 in
1281 2494 1444 2540 longum]
1472 2505 1499 2528 s.
1526 2505 1569 2528 zu
1589 2504 1620 2536 c,
1641 2497 1697 2536 22,
1720 2497 1751 2529 7.

1052 2551 1084 2583 4.
1111 2548 1225 2594 unde]
1253 2559 1279 2583 s.
1307 2559 1351 2582 zu
1376 2547 1439 2591 ΙΙΙ,
1467 2551 1499 2591 2,
1528 2552 1559 2582 9.

1053 2595 1173 2630 iustus
1192 2593 1507 2640 ‘gerechtfertigb,
1525 2593 1749 2639 begrsindet’

1056 2651 1087 2683 5.
1115 2648 1381 2694 invocantium]
1420 2659 1469 2682 sc.
1497 2646 1680 2683 Cerialem
1705 2647 1754 2682 ad

1008 2705 1046 2729 se
1085 2695 1345 2731 defendendos.
1402 2689 1502 2730 Uber
1552 2694 1626 2729 den
1663 2694 1754 2729 Gen.

1008 2741 1062 2777 Pl.
1090 2743 1153 2777 des
1179 2743 1281 2778 Part.
1307 2742 1430 2778 Praes.
1459 2754 1485 2776 s.
1512 2753 1556 2776 zu
1582 2743 1608 2785 I,
1635 2745 1669 2785 4,
1696 2746 1729 2778 5.

1056 2800 1086 2830 6.
1114 2796 1218 2842 illuc]
1251 2796 1275 2831 i.
1302 2807 1331 2831 e.
1365 2795 1405 2830 in
1430 2795 1526 2830 illos.
1578 2794 1612 2830 S.
1648 2806 1693 2829 zu
1719 2805 1751 2830 c.

970 2870 973 2871 γ
1008 2845 1062 2885 18,
1093 2847 1146 2878 18.

1054 2890 1276 2936 intenderat]
1305 2902 1332 2925 s.
1359 2902 1402 2925 zu
1430 2901 1460 2926 c.
1490 2894 1545 2935 17,
1572 2893 1627 2924 26.
