<?xml version="1.0" encoding="UTF-8"?>
<!DOCTYPE html PUBLIC "-//W3C//DTD XHTML 1.0 Transitional//EN"
    "http://www.w3.org/TR/xhtml1/DTD/xhtml1-transitional.dtd">
<html xmlns="http://www.w3.org/1999/xhtml" xml:lang="en" lang="en">
 <head>
  <title>
</title>
<meta http-equiv="Content-Type" content="text/html;charset=utf-8" />
  <meta name='ocr-system' content='tesseract 3.04.00' />
  <meta name='ocr-capabilities' content='ocr_page ocr_carea ocr_par ocr_line ocrx_word'/>
</head>
<body>
  <div class='ocr_page' id='page_1' title='image "./historiarumlibri0304taciuoft_0067.png"; bbox 0 0 1875 3214; ppageno 0'>
   <div class='ocr_carea' id='block_1_1' title="bbox 555 116 1128 153">
    <p class='ocr_par' dir='ltr' id='par_1_1' title="bbox 555 116 1128 153">
     <span class='ocr_line' id='line_1_1' title="bbox 555 116 1128 153; baseline 0 -2"><span class='ocrx_word' id='word_1_1' title='bbox 555 116 701 152; x_wconf 88' lang='lat' dir='ltr'>LIBER</span> <span class='ocrx_word' id='word_1_2' title='bbox 726 116 788 153; x_wconf 93' lang='grc' dir='ltr'>ΙΠ.</span> <span class='ocrx_word' id='word_1_3' title='bbox 842 116 947 151; x_wconf 93' lang='lat' dir='ltr'>CAP.</span> <span class='ocrx_word' id='word_1_4' title='bbox 976 120 1128 151; x_wconf 81' lang='lat'>58-59.</span> 
     </span>
    </p>
   </div>
   <div class='ocr_carea' id='block_1_2' title="bbox 1625 113 1681 155">
    <p class='ocr_par' dir='ltr' id='par_1_2' title="bbox 1625 113 1681 155">
     <span class='ocr_line' id='line_1_2' title="bbox 1625 113 1681 155; baseline 0 0"><span class='ocrx_word' id='word_1_5' title='bbox 1625 113 1681 155; x_wconf 78' lang='lat'>59</span> 
     </span>
    </p>
   </div>
   <div class='ocr_carea' id='block_1_3' title="bbox 96 223 1753 1059">
    <p class='ocr_par' dir='ltr' id='par_1_3' title="bbox 96 223 1753 1059">
     <span class='ocr_line' id='line_1_3' title="bbox 218 223 1753 280; baseline -0.002 -11"><span class='ocrx_word' id='word_1_6' title='bbox 218 230 269 270; x_wconf 90' lang='lat' dir='ltr'>Ut</span> <span class='ocrx_word' id='word_1_7' title='bbox 300 235 497 269; x_wconf 87' lang='lat' dir='ltr'>terrorem</span> <span class='ocrx_word' id='word_1_8' title='bbox 528 227 661 267; x_wconf 88' lang='lat' dir='ltr'>Italiae</span> <span class='ocrx_word' id='word_1_9' title='bbox 694 239 878 280; x_wconf 89' lang='lat' dir='ltr'>possessa</span> <span class='ocrx_word' id='word_1_10' title='bbox 905 227 1082 267; x_wconf 87' lang='lat' dir='ltr'>Mevania</span> <span class='ocrx_word' id='word_1_11' title='bbox 1115 240 1159 266; x_wconf 87' lang='lat' dir='ltr'>ac</span> <span class='ocrx_word' id='word_1_12' title='bbox 1192 226 1301 266; x_wconf 74' lang='lat' dir='ltr'>velut</span> <span class='ocrx_word' id='word_1_13' title='bbox 1326 232 1510 266; x_wconf 87' lang='lat' dir='ltr'>renatum</span> <span class='ocrx_word' id='word_1_14' title='bbox 1544 238 1590 264; x_wconf 81' lang='lat' dir='ltr'>ex</span> <span class='ocrx_word' id='word_1_15' title='bbox 1624 227 1680 264; x_wconf 92' lang='lat' dir='ltr'>in·</span> <span class='ocrx_word' id='word_1_16' title='bbox 1698 223 1753 266; x_wconf 79' lang='lat'>59</span> 
     </span>
     <span class='ocr_line' id='line_1_4' title="bbox 100 286 1681 343; baseline -0.004 -13"><span class='ocrx_word' id='word_1_17' title='bbox 100 297 212 343; x_wconf 86' lang='lat' dir='ltr'>tegro</span> <span class='ocrx_word' id='word_1_18' title='bbox 243 289 391 329; x_wconf 88' lang='lat' dir='ltr'>bellum</span> <span class='ocrx_word' id='word_1_19' title='bbox 424 288 632 340; x_wconf 87' lang='lat' dir='ltr'>intulerat,</span> <span class='ocrx_word' id='word_1_20' title='bbox 664 289 719 326; x_wconf 84' lang='lat' dir='ltr'>ita</span> <span class='ocrx_word' id='word_1_21' title='bbox 751 287 856 326; x_wconf 88' lang='lat' dir='ltr'>haud</span> <span class='ocrx_word' id='word_1_22' title='bbox 884 286 1050 326; x_wconf 88' lang='lat' dir='ltr'>dubium</span> <span class='ocrx_word' id='word_1_23' title='bbox 1078 299 1171 338; x_wconf 84' lang='lat' dir='ltr'>erga</span> <span class='ocrx_word' id='word_1_24' title='bbox 1198 286 1403 325; x_wconf 85' lang='lat' dir='ltr'>Flavianas</span> <span class='ocrx_word' id='word_1_25' title='bbox 1436 291 1570 338; x_wconf 87' lang='lat' dir='ltr'>partes</span> <span class='ocrx_word' id='word_1_26' title='bbox 1600 291 1681 324; x_wconf 85' lang='lat' dir='ltr'>stu-</span> 
     </span>
     <span class='ocr_line' id='line_1_5' title="bbox 101 345 1680 400; baseline -0.004 -10"><span class='ocrx_word' id='word_1_27' title='bbox 101 351 210 390; x_wconf 90' lang='lat' dir='ltr'>dium</span> <span class='ocrx_word' id='word_1_28' title='bbox 241 355 321 389; x_wconf 91' lang='lat' dir='ltr'>tam</span> <span class='ocrx_word' id='word_1_29' title='bbox 353 348 519 400; x_wconf 87' lang='lat' dir='ltr'>pavidus</span> <span class='ocrx_word' id='word_1_30' title='bbox 553 347 698 386; x_wconf 90' lang='lat' dir='ltr'>Vitellii</span> <span class='ocrx_word' id='word_1_31' title='bbox 738 347 940 386; x_wconf 82' lang='lat' dir='ltr'><strong>discessus</strong></span> <span class='ocrx_word' id='word_1_32' title='bbox 985 346 1146 386; x_wconf 77' lang='lat' dir='ltr'>addidit.</span> <span class='ocrx_word' id='word_1_33' title='bbox 1205 352 1364 385; x_wconf 82' lang='lat' dir='ltr'>erectus</span> <span class='ocrx_word' id='word_1_34' title='bbox 1399 346 1555 385; x_wconf 88' lang='lat' dir='ltr'>Samnis</span> <span class='ocrx_word' id='word_1_35' title='bbox 1588 345 1680 384; x_wconf 89' lang='lat' dir='ltr'>Pae-</span> 
     </span>
     <span class='ocr_line' id='line_1_6' title="bbox 97 406 1682 462; baseline -0.004 -13"><span class='ocrx_word' id='word_1_36' title='bbox 97 410 309 462; x_wconf 86' lang='lat' dir='ltr'>lignusque</span> <span class='ocrx_word' id='word_1_37' title='bbox 342 414 382 447; x_wconf 88' lang='lat' dir='ltr'>et</span> <span class='ocrx_word' id='word_1_38' title='bbox 408 408 528 447; x_wconf 84' lang='lat' dir='ltr'>Marsi</span> <span class='ocrx_word' id='word_1_39' title='bbox 555 406 835 459; x_wconf 77' lang='lat' dir='ltr'><strong>aemulatione,</strong></span> <span class='ocrx_word' id='word_1_40' title='bbox 869 407 975 458; x_wconf 88' lang='lat' dir='ltr'>quod</span> <span class='ocrx_word' id='word_1_41' title='bbox 1010 406 1221 458; x_wconf 81' lang='lat' dir='ltr'>Campania</span> <span class='ocrx_word' id='word_1_42' title='bbox 1253 408 1543 457; x_wconf 79' lang='lat' dir='ltr'>praevenisset,</span> <span class='ocrx_word' id='word_1_43' title='bbox 1577 411 1622 444; x_wconf 90' lang='lat' dir='ltr'>ut</span> <span class='ocrx_word' id='word_1_44' title='bbox 1641 406 1682 443; x_wconf 90' lang='lat' dir='ltr'>in</span> 
     </span>
     <span class='ocr_line' id='line_1_7' title="bbox 97 465 1719 519; baseline -0.003 -11"><span class='ocrx_word' id='word_1_45' title='bbox 97 482 197 509; x_wconf 90' lang='lat' dir='ltr'>novo</span> <span class='ocrx_word' id='word_1_46' title='bbox 238 468 430 519; x_wconf 89' lang='lat' dir='ltr'>obsequio</span> <span class='ocrx_word' id='word_1_47' title='bbox 471 467 518 506; x_wconf 90' lang='lat' dir='ltr'>ad</span> <span class='ocrx_word' id='word_1_48' title='bbox 546 472 690 506; x_wconf 91' lang='lat' dir='ltr'>cuncta</span> <span class='ocrx_word' id='word_1_49' title='bbox 716 466 810 505; x_wconf 89' lang='lat' dir='ltr'>belli</span> <span class='ocrx_word' id='word_1_50' title='bbox 836 468 970 505; x_wconf 86' lang='lat' dir='ltr'>munia</span> <span class='ocrx_word' id='word_1_51' title='bbox 1004 478 1116 505; x_wconf 89' lang='lat' dir='ltr'>acres</span> <span class='ocrx_word' id='word_1_52' title='bbox 1144 470 1268 505; x_wconf 85' lang='lat' dir='ltr'>erant.</span> <span class='ocrx_word' id='word_1_53' title='bbox 1315 466 1383 504; x_wconf 90' lang='lat' dir='ltr'>sed</span> <span class='ocrx_word' id='word_1_54' title='bbox 1412 465 1525 504; x_wconf 89' lang='lat' dir='ltr'>foeda</span> <span class='ocrx_word' id='word_1_55' title='bbox 1552 465 1681 503; x_wconf 88' lang='lat' dir='ltr'>hieme</span> <span class='ocrx_word' id='word_1_56' title='bbox 1703 475 1719 500; x_wconf 84' lang='lat'>5</span> 
     </span>
     <span class='ocr_line' id='line_1_8' title="bbox 97 525 1683 581; baseline -0.004 -13"><span class='ocrx_word' id='word_1_57' title='bbox 97 541 170 581; x_wconf 90' lang='lat' dir='ltr'>per</span> <span class='ocrx_word' id='word_1_58' title='bbox 206 529 420 567; x_wconf 86' lang='lat' dir='ltr'><strong>transitum</strong></span> <span class='ocrx_word' id='word_1_59' title='bbox 453 527 681 579; x_wconf 84' lang='lat' dir='ltr'>Appennini</span> <span class='ocrx_word' id='word_1_60' title='bbox 714 525 966 565; x_wconf 82' lang='lat' dir='ltr'>conflictatus</span> <span class='ocrx_word' id='word_1_61' title='bbox 1000 527 1219 578; x_wconf 77' lang='lat' dir='ltr'>exercitus,</span> <span class='ocrx_word' id='word_1_62' title='bbox 1263 530 1301 564; x_wconf 87' lang='lat' dir='ltr'>et</span> <span class='ocrx_word' id='word_1_63' title='bbox 1340 526 1404 563; x_wconf 80' lang='lat' dir='ltr'>vix</span> <span class='ocrx_word' id='word_1_64' title='bbox 1446 526 1580 576; x_wconf 90' lang='lat' dir='ltr'>quieto</span> <span class='ocrx_word' id='word_1_65' title='bbox 1620 536 1683 576; x_wconf 77' lang='lat' dir='ltr'>ag-</span> 
     </span>
     <span class='ocr_line' id='line_1_9' title="bbox 97 584 1683 638; baseline -0.004 -10"><span class='ocrx_word' id='word_1_66' title='bbox 97 590 203 628; x_wconf 85' lang='lat' dir='ltr'>mine</span> <span class='ocrx_word' id='word_1_67' title='bbox 235 589 346 627; x_wconf 89' lang='lat' dir='ltr'>nives</span> <span class='ocrx_word' id='word_1_68' title='bbox 379 586 647 626; x_wconf 83' lang='lat' dir='ltr'>eluctantibus</span> <span class='ocrx_word' id='word_1_69' title='bbox 680 587 826 638; x_wconf 89' lang='lat' dir='ltr'>patuit,</span> <span class='ocrx_word' id='word_1_70' title='bbox 866 592 1058 637; x_wconf 82' lang='lat' dir='ltr'>quantum</span> <span class='ocrx_word' id='word_1_71' title='bbox 1096 585 1340 624; x_wconf 85' lang='lat' dir='ltr'>discriminis</span> <span class='ocrx_word' id='word_1_72' title='bbox 1367 584 1596 623; x_wconf 89' lang='lat' dir='ltr'>adeundum</span> <span class='ocrx_word' id='word_1_73' title='bbox 1629 584 1683 622; x_wconf 85' lang='lat' dir='ltr'>so-</span> 
     </span>
     <span class='ocr_line' id='line_1_10' title="bbox 97 643 1684 700; baseline -0.004 -12"><span class='ocrx_word' id='word_1_74' title='bbox 97 653 176 700; x_wconf 87' lang='lat' dir='ltr'>ret,</span> <span class='ocrx_word' id='word_1_75' title='bbox 203 648 246 686; x_wconf 92' lang='lat' dir='ltr'>ni</span> <span class='ocrx_word' id='word_1_76' title='bbox 271 646 471 686; x_wconf 92' lang='lat' dir='ltr'>Vitellium</span> <span class='ocrx_word' id='word_1_77' title='bbox 498 652 607 685; x_wconf 90' lang='lat' dir='ltr'>retro</span> <span class='ocrx_word' id='word_1_78' title='bbox 635 646 795 685; x_wconf 87' lang='lat' dir='ltr'>fortuna</span> <span class='ocrx_word' id='word_1_79' title='bbox 822 647 1025 697; x_wconf 83' lang='lat' dir='ltr'>vertisset,</span> <span class='ocrx_word' id='word_1_80' title='bbox 1061 657 1160 696; x_wconf 87' lang='lat' dir='ltr'>quae</span> <span class='ocrx_word' id='word_1_81' title='bbox 1189 644 1386 683; x_wconf 84' lang='lat' dir='ltr'>Flavianis</span> <span class='ocrx_word' id='word_1_82' title='bbox 1407 643 1577 683; x_wconf 90' lang='lat' dir='ltr'>ducibus</span> <span class='ocrx_word' id='word_1_83' title='bbox 1604 655 1684 682; x_wconf 91' lang='lat' dir='ltr'>non</span> 
     </span>
     <span class='ocr_line' id='line_1_11' title="bbox 96 703 1683 759; baseline -0.003 -13"><span class='ocrx_word' id='word_1_84' title='bbox 96 709 228 747; x_wconf 88' lang='lat' dir='ltr'>minus</span> <span class='ocrx_word' id='word_1_85' title='bbox 255 719 373 759; x_wconf 88' lang='lat' dir='ltr'>saepe</span> <span class='ocrx_word' id='word_1_86' title='bbox 400 719 516 758; x_wconf 89' lang='lat' dir='ltr'>quam</span> <span class='ocrx_word' id='word_1_87' title='bbox 551 707 652 745; x_wconf 91' lang='lat' dir='ltr'>ratio</span> <span class='ocrx_word' id='word_1_88' title='bbox 686 706 823 745; x_wconf 86' lang='lat' dir='ltr'>adfuit.</span> <span class='ocrx_word' id='word_1_89' title='bbox 881 704 1041 744; x_wconf 87' lang='lat' dir='ltr'>obvium</span> <span class='ocrx_word' id='word_1_90' title='bbox 1068 704 1148 744; x_wconf 90' lang='lat' dir='ltr'>illic</span> <span class='ocrx_word' id='word_1_91' title='bbox 1181 703 1366 743; x_wconf 90' lang='lat' dir='ltr'>Petilium</span> <span class='ocrx_word' id='word_1_92' title='bbox 1394 703 1588 742; x_wconf 89' lang='lat' dir='ltr'>Cerialem</span> <span class='ocrx_word' id='word_1_93' title='bbox 1614 703 1683 742; x_wconf 89' lang='lat' dir='ltr'>ha-</span> 
     </span>
     <span class='ocr_line' id='line_1_12' title="bbox 97 762 1683 819; baseline -0.003 -13"><span class='ocrx_word' id='word_1_94' title='bbox 97 767 238 819; x_wconf 91' lang='lat' dir='ltr'>buere,</span> <span class='ocrx_word' id='word_1_95' title='bbox 272 769 419 818; x_wconf 83' lang='lat' dir='ltr'>agresti</span> <span class='ocrx_word' id='word_1_96' title='bbox 458 765 569 805; x_wconf 88' lang='lat' dir='ltr'>cultu</span> <span class='ocrx_word' id='word_1_97' title='bbox 610 771 649 805; x_wconf 91' lang='lat' dir='ltr'>et</span> <span class='ocrx_word' id='word_1_98' title='bbox 688 767 828 804; x_wconf 86' lang='lat' dir='ltr'>notitia</span> <span class='ocrx_word' id='word_1_99' title='bbox 867 764 1045 804; x_wconf 90' lang='lat' dir='ltr'>locorum</span> <span class='ocrx_word' id='word_1_100' title='bbox 1080 764 1281 803; x_wconf 85' lang='lat' dir='ltr'>custodias</span> <span class='ocrx_word' id='word_1_101' title='bbox 1313 762 1460 802; x_wconf 90' lang='lat' dir='ltr'>Vitellii</span> <span class='ocrx_word' id='word_1_102' title='bbox 1493 762 1683 814; x_wconf 91' lang='lat' dir='ltr'>elapsum.</span> 
     </span>
     <span class='ocr_line' id='line_1_13' title="bbox 97 822 1684 879; baseline -0.003 -13"><span class='ocrx_word' id='word_1_103' title='bbox 97 827 322 879; x_wconf 86' lang='lat' dir='ltr'>propinqua</span> <span class='ocrx_word' id='word_1_104' title='bbox 355 826 538 865; x_wconf 85' lang='lat' dir='ltr'>adfinitas</span> <span class='ocrx_word' id='word_1_105' title='bbox 565 825 709 865; x_wconf 89' lang='lat' dir='ltr'>Ceriali</span> <span class='ocrx_word' id='word_1_106' title='bbox 742 837 833 864; x_wconf 91' lang='lat' dir='ltr'>cum</span> <span class='ocrx_word' id='word_1_107' title='bbox 866 824 1125 876; x_wconf 84' lang='lat' dir='ltr'>Vespasiano,</span> <span class='ocrx_word' id='word_1_108' title='bbox 1159 836 1233 863; x_wconf 92' lang='lat' dir='ltr'>nec</span> <span class='ocrx_word' id='word_1_109' title='bbox 1266 825 1351 874; x_wconf 91' lang='lat' dir='ltr'>ipse</span> <span class='ocrx_word' id='word_1_110' title='bbox 1384 822 1579 874; x_wconf 84' lang='lat' dir='ltr'>inglorius</span> <span class='ocrx_word' id='word_1_111' title='bbox 1613 823 1684 861; x_wconf 90' lang='lat' dir='ltr'>mi-</span> 
     </span>
     <span class='ocr_line' id='line_1_14' title="bbox 97 882 1683 939; baseline -0.004 -13"><span class='ocrx_word' id='word_1_112' title='bbox 97 886 223 939; x_wconf 80' lang='lat' dir='ltr'>litiae,</span> <span class='ocrx_word' id='word_1_113' title='bbox 256 898 383 938; x_wconf 89' lang='lat' dir='ltr'>eoque</span> <span class='ocrx_word' id='word_1_114' title='bbox 416 887 522 925; x_wconf 90' lang='lat' dir='ltr'>inter</span> <span class='ocrx_word' id='word_1_115' title='bbox 555 885 678 924; x_wconf 89' lang='lat' dir='ltr'>duces</span> <span class='ocrx_word' id='word_1_116' title='bbox 705 885 940 936; x_wconf 87' lang='lat' dir='ltr'>adsumptus</span> <span class='ocrx_word' id='word_1_117' title='bbox 976 890 1047 923; x_wconf 89' lang='lat' dir='ltr'>est.</span> <span class='ocrx_word' id='word_1_118' title='bbox 1099 883 1233 923; x_wconf 78' lang='lat' dir='ltr'>Flavio</span> <span class='ocrx_word' id='word_1_119' title='bbox 1267 895 1426 934; x_wconf 87' lang='lat' dir='ltr'>quoque</span> <span class='ocrx_word' id='word_1_120' title='bbox 1461 882 1606 921; x_wconf 89' lang='lat' dir='ltr'>Sabino</span> <span class='ocrx_word' id='word_1_121' title='bbox 1641 894 1683 920; x_wconf 90' lang='lat' dir='ltr'>ac</span> 
     </span>
     <span class='ocr_line' id='line_1_15' title="bbox 98 942 1684 998; baseline -0.003 -13"><span class='ocrx_word' id='word_1_122' title='bbox 98 946 322 985; x_wconf 89' lang='lat' dir='ltr'>Domitiano</span> <span class='ocrx_word' id='word_1_123' title='bbox 349 947 526 998; x_wconf 90' lang='lat' dir='ltr'>patuisse</span> <span class='ocrx_word' id='word_1_124' title='bbox 566 946 755 996; x_wconf 82' lang='lat' dir='ltr'>effugium</span> <span class='ocrx_word' id='word_1_125' title='bbox 790 944 906 983; x_wconf 89' lang='lat' dir='ltr'>multi</span> <span class='ocrx_word' id='word_1_126' title='bbox 938 943 1161 996; x_wconf 79' lang='lat' dir='ltr'>tradidere,</span> <span class='ocrx_word' id='word_1_127' title='bbox 1205 949 1243 982; x_wconf 91' lang='lat' dir='ltr'>et</span> <span class='ocrx_word' id='word_1_128' title='bbox 1282 944 1394 982; x_wconf 91' lang='lat' dir='ltr'>missi</span> <span class='ocrx_word' id='word_1_129' title='bbox 1432 942 1480 981; x_wconf 89' lang='lat' dir='ltr'>ab</span> <span class='ocrx_word' id='word_1_130' title='bbox 1513 942 1684 981; x_wconf 83' lang='lat' dir='ltr'>Antonio</span> 
     </span>
     <span class='ocr_line' id='line_1_16' title="bbox 97 1002 1684 1059; baseline -0.003 -14"><span class='ocrx_word' id='word_1_131' title='bbox 97 1007 229 1046; x_wconf 86' lang='lat' dir='ltr'>nuntii</span> <span class='ocrx_word' id='word_1_132' title='bbox 259 1018 332 1059; x_wconf 89' lang='lat' dir='ltr'>per</span> <span class='ocrx_word' id='word_1_133' title='bbox 364 1007 492 1045; x_wconf 89' lang='lat' dir='ltr'>varias</span> <span class='ocrx_word' id='word_1_134' title='bbox 525 1004 686 1044; x_wconf 86' lang='lat' dir='ltr'>fallendi</span> <span class='ocrx_word' id='word_1_135' title='bbox 718 1010 824 1044; x_wconf 87' lang='lat' dir='ltr'>artes</span> <span class='ocrx_word' id='word_1_136' title='bbox 856 1003 1142 1056; x_wconf 85' lang='lat' dir='ltr'>penetrabant,</span> <span class='ocrx_word' id='word_1_137' title='bbox 1186 1003 1320 1042; x_wconf 87' lang='lat' dir='ltr'>locum</span> <span class='ocrx_word' id='word_1_138' title='bbox 1363 1015 1407 1041; x_wconf 88' lang='lat' dir='ltr'>ac</span> <span class='ocrx_word' id='word_1_139' title='bbox 1439 1002 1684 1054; x_wconf 87' lang='lat' dir='ltr'>praesidium</span> 
     </span>
    </p>
   </div>
   <div class='ocr_carea' id='block_1_4' title="bbox 80 1108 866 2965">
    <p class='ocr_par' dir='ltr' id='par_1_4' title="bbox 145 1108 853 1155">
     <span class='ocr_line' id='line_1_17' title="bbox 145 1108 853 1155; baseline -0.003 -9"><span class='ocrx_word' id='word_1_140' title='bbox 145 1109 210 1146; x_wconf 80' lang='lat'>59.</span> <span class='ocrx_word' id='word_1_141' title='bbox 241 1114 272 1144; x_wconf 93' lang='lat'>1.</span> <span class='ocrx_word' id='word_1_142' title='bbox 292 1120 461 1154; x_wconf 82' lang='lat' dir='ltr'>possessa</span> <span class='ocrx_word' id='word_1_143' title='bbox 482 1108 678 1155; x_wconf 80' lang='lat' dir='ltr'>Mevania]</span> <span class='ocrx_word' id='word_1_144' title='bbox 701 1121 727 1143; x_wconf 86' lang='lat' dir='ltr'>s.</span> <span class='ocrx_word' id='word_1_145' title='bbox 751 1120 780 1143; x_wconf 91' lang='lat' dir='ltr'>c.</span> <span class='ocrx_word' id='word_1_146' title='bbox 797 1112 853 1144; x_wconf 85' lang='lat'>55.</span> 
     </span>
    </p>

    <p class='ocr_par' dir='ltr' id='par_1_5' title="bbox 96 1156 856 1298">
     <span class='ocr_line' id='line_1_18' title="bbox 144 1156 856 1202; baseline -0.003 -10"><span class='ocrx_word' id='word_1_147' title='bbox 144 1162 178 1193; x_wconf 83' lang='lat'>2.</span> <span class='ocrx_word' id='word_1_148' title='bbox 222 1158 386 1193; x_wconf 82' lang='lat' dir='ltr'>studium</span> <span class='ocrx_word' id='word_1_149' title='bbox 427 1186 434 1192; x_wconf 92' lang='lat'>.</span> <span class='ocrx_word' id='word_1_150' title='bbox 461 1185 467 1192; x_wconf 94' lang='lat'>.</span> <span class='ocrx_word' id='word_1_151' title='bbox 496 1185 503 1192; x_wconf 94' lang='lat'>.</span> <span class='ocrx_word' id='word_1_152' title='bbox 542 1156 712 1202; x_wconf 78' lang='lat' dir='ltr'>addidit]</span> <span class='ocrx_word' id='word_1_153' title='bbox 758 1156 856 1190; x_wconf 82' lang='lat' dir='ltr'>nach</span> 
     </span>
     <span class='ocr_line' id='line_1_19' title="bbox 96 1203 853 1250; baseline -0.004 -10"><span class='ocrx_word' id='word_1_154' title='bbox 96 1205 283 1250; x_wconf 72' lang='lat' dir='ltr'>Analogia</span> <span class='ocrx_word' id='word_1_155' title='bbox 308 1216 384 1240; x_wconf 84' lang='lat' dir='ltr'>von</span> <span class='ocrx_word' id='word_1_156' title='bbox 409 1206 573 1240; x_wconf 85' lang='lat' dir='ltr'>animum</span> <span class='ocrx_word' id='word_1_157' title='bbox 601 1205 751 1246; x_wconf 76' lang='lat' dir='ltr'>addere3</span> <span class='ocrx_word' id='word_1_158' title='bbox 778 1203 853 1249; x_wconf 80' lang='lat' dir='ltr'>vgl.</span> 
     </span>
     <span class='ocr_line' id='line_1_20' title="bbox 102 1252 567 1298; baseline 0 -10"><span class='ocrx_word' id='word_1_159' title='bbox 102 1254 129 1298; x_wconf 88' lang='grc' dir='ltr'>Ι,</span> <span class='ocrx_word' id='word_1_160' title='bbox 158 1257 215 1296; x_wconf 82' lang='lat'>62,</span> <span class='ocrx_word' id='word_1_161' title='bbox 243 1257 274 1288; x_wconf 87' lang='lat'>9.</span> <span class='ocrx_word' id='word_1_162' title='bbox 332 1252 397 1297; x_wconf 85' lang='lat' dir='ltr'>IV,</span> <span class='ocrx_word' id='word_1_163' title='bbox 424 1257 481 1296; x_wconf 88' lang='lat'>33,</span> <span class='ocrx_word' id='word_1_164' title='bbox 510 1256 567 1288; x_wconf 86' lang='lat'>16.</span> 
     </span>
    </p>

    <p class='ocr_par' dir='ltr' id='par_1_6' title="bbox 148 1300 770 1346">
     <span class='ocr_line' id='line_1_21' title="bbox 148 1300 770 1346; baseline -0.003 -10"><span class='ocrx_word' id='word_1_165' title='bbox 148 1305 181 1337; x_wconf 89' lang='lat'>3.</span> <span class='ocrx_word' id='word_1_166' title='bbox 213 1300 353 1336; x_wconf 89' lang='lat' dir='ltr'>Vitellii</span> <span class='ocrx_word' id='word_1_167' title='bbox 378 1300 572 1346; x_wconf 80' lang='lat' dir='ltr'>discessus]</span> <span class='ocrx_word' id='word_1_168' title='bbox 601 1312 626 1334; x_wconf 92' lang='lat' dir='ltr'>s.</span> <span class='ocrx_word' id='word_1_169' title='bbox 655 1311 684 1335; x_wconf 87' lang='lat' dir='ltr'>c.</span> <span class='ocrx_word' id='word_1_170' title='bbox 714 1302 770 1334; x_wconf 87' lang='lat'>56.</span> 
     </span>
    </p>

    <p class='ocr_par' dir='ltr' id='par_1_7' title="bbox 98 1346 857 1576">
     <span class='ocr_line' id='line_1_22' title="bbox 144 1346 857 1395; baseline -0.004 -11"><span class='ocrx_word' id='word_1_171' title='bbox 144 1348 296 1395; x_wconf 78' lang='lat' dir='ltr'>erectus]</span> <span class='ocrx_word' id='word_1_172' title='bbox 329 1360 355 1383; x_wconf 77' lang='lat' dir='ltr'>s,</span> <span class='ocrx_word' id='word_1_173' title='bbox 383 1361 429 1383; x_wconf 86' lang='lat' dir='ltr'>zu</span> <span class='ocrx_word' id='word_1_174' title='bbox 455 1348 500 1389; x_wconf 89' lang='lat' dir='ltr'>II,</span> <span class='ocrx_word' id='word_1_175' title='bbox 523 1352 555 1392; x_wconf 86' lang='lat'>8,</span> <span class='ocrx_word' id='word_1_176' title='bbox 579 1351 633 1382; x_wconf 85' lang='lat'>15.</span> <span class='ocrx_word' id='word_1_177' title='bbox 686 1346 727 1381; x_wconf 86' lang='lat' dir='ltr'>In</span> <span class='ocrx_word' id='word_1_178' title='bbox 755 1347 857 1381; x_wconf 84' lang='lat' dir='ltr'>einer</span> 
     </span>
     <span class='ocr_line' id='line_1_23' title="bbox 98 1394 854 1432; baseline -0.005 0"><span class='ocrx_word' id='word_1_179' title='bbox 98 1395 216 1432; x_wconf 89' lang='lat' dir='ltr'>durch</span> <span class='ocrx_word' id='word_1_180' title='bbox 241 1395 300 1431; x_wconf 87' lang='lat' dir='ltr'>die</span> <span class='ocrx_word' id='word_1_181' title='bbox 327 1394 601 1431; x_wconf 83' lang='lat' dir='ltr'>Konstruktion</span> <span class='ocrx_word' id='word_1_182' title='bbox 631 1395 854 1430; x_wconf 78' lang='lat' dir='ltr'>modifizier-</span> 
     </span>
     <span class='ocr_line' id='line_1_24' title="bbox 99 1442 854 1489; baseline -0.004 -10"><span class='ocrx_word' id='word_1_183' title='bbox 99 1445 165 1480; x_wconf 84' lang='lat' dir='ltr'>ten</span> <span class='ocrx_word' id='word_1_184' title='bbox 184 1443 409 1489; x_wconf 83' lang='lat' dir='ltr'>Bedeutung</span> <span class='ocrx_word' id='word_1_185' title='bbox 434 1443 535 1478; x_wconf 83' lang='lat' dir='ltr'>steht</span> <span class='ocrx_word' id='word_1_186' title='bbox 562 1444 696 1487; x_wconf 60' lang='lat' dir='ltr'>erigere</span> <span class='ocrx_word' id='word_1_187' title='bbox 721 1442 760 1477; x_wconf 76' lang='lat' dir='ltr'>in</span> <span class='ocrx_word' id='word_1_188' title='bbox 781 1443 854 1476; x_wconf 89' lang='lat' dir='ltr'>den</span> 
     </span>
     <span class='ocr_line' id='line_1_25' title="bbox 98 1489 853 1537; baseline -0.005 -9"><span class='ocrx_word' id='word_1_189' title='bbox 98 1503 173 1528; x_wconf 91' lang='lat' dir='ltr'>von</span> <span class='ocrx_word' id='word_1_190' title='bbox 192 1491 411 1537; x_wconf 80' lang='lat' dir='ltr'>Nipperdey</span> <span class='ocrx_word' id='word_1_191' title='bbox 437 1503 483 1526; x_wconf 89' lang='lat' dir='ltr'>zu</span> <span class='ocrx_word' id='word_1_192' title='bbox 502 1489 545 1525; x_wconf 88' lang='lat' dir='ltr'>A.</span> <span class='ocrx_word' id='word_1_193' title='bbox 567 1490 630 1534; x_wconf 85' lang='grc' dir='ltr'>ΙΙΙ,</span> <span class='ocrx_word' id='word_1_194' title='bbox 660 1494 679 1525; x_wconf 99' lang='lat'><strong>7</strong></span> <span class='ocrx_word' id='word_1_195' title='bbox 702 1491 853 1535; x_wconf 84' lang='lat' dir='ltr'>bespro-</span> 
     </span>
     <span class='ocr_line' id='line_1_26' title="bbox 100 1539 423 1576; baseline -0.009 0"><span class='ocrx_word' id='word_1_196' title='bbox 100 1540 242 1576; x_wconf 88' lang='lat' dir='ltr'>chenen</span> <span class='ocrx_word' id='word_1_197' title='bbox 270 1539 423 1574; x_wconf 88' lang='lat' dir='ltr'>Stellen.</span> 
     </span>
    </p>

    <p class='ocr_par' dir='ltr' id='par_1_8' title="bbox 80 1585 853 1679">
     <span class='ocr_line' id='line_1_27' title="bbox 146 1585 853 1634; baseline -0.004 -11"><span class='ocrx_word' id='word_1_198' title='bbox 146 1592 179 1623; x_wconf 88' lang='lat'>4.</span> <span class='ocrx_word' id='word_1_199' title='bbox 205 1587 264 1634; x_wconf 88' lang='lat' dir='ltr'>ut]</span> <span class='ocrx_word' id='word_1_200' title='bbox 290 1586 546 1632; x_wconf 76' lang='lat' dir='ltr'>begrfindend,</span> <span class='ocrx_word' id='word_1_201' title='bbox 573 1585 644 1621; x_wconf 87' lang='lat' dir='ltr'>wie</span> <span class='ocrx_word' id='word_1_202' title='bbox 665 1597 695 1621; x_wconf 90' lang='lat' dir='ltr'>c.</span> <span class='ocrx_word' id='word_1_203' title='bbox 719 1590 775 1630; x_wconf 91' lang='lat'>71,</span> <span class='ocrx_word' id='word_1_204' title='bbox 798 1589 853 1620; x_wconf 89' lang='lat'>14.</span> 
     </span>
     <span class='ocr_line' id='line_1_28' title="bbox 80 1634 402 1679; baseline -0.009 -7"><span class='ocrx_word' id='word_1_205' title='bbox 80 1635 135 1675; x_wconf 81' lang='lat' dir='ltr'>.S.</span> <span class='ocrx_word' id='word_1_206' title='bbox 161 1647 205 1670; x_wconf 87' lang='lat' dir='ltr'>zu</span> <span class='ocrx_word' id='word_1_207' title='bbox 230 1634 258 1679; x_wconf 91' lang='lat'>1,</span> <span class='ocrx_word' id='word_1_208' title='bbox 285 1639 318 1678; x_wconf 85' lang='lat'>4,</span> <span class='ocrx_word' id='word_1_209' title='bbox 348 1638 402 1670; x_wconf 93' lang='lat'>10.</span> 
     </span>
    </p>

    <p class='ocr_par' dir='ltr' id='par_1_9' title="bbox 147 1682 685 1728">
     <span class='ocr_line' id='line_1_29' title="bbox 147 1682 685 1728; baseline -0.004 -10"><span class='ocrx_word' id='word_1_210' title='bbox 147 1687 179 1719; x_wconf 90' lang='lat'>5.</span> <span class='ocrx_word' id='word_1_211' title='bbox 205 1682 352 1728; x_wconf 87' lang='lat' dir='ltr'>munia]</span> <span class='ocrx_word' id='word_1_212' title='bbox 386 1695 412 1717; x_wconf 82' lang='lat' dir='ltr'>s.</span> <span class='ocrx_word' id='word_1_213' title='bbox 440 1694 485 1717; x_wconf 89' lang='lat' dir='ltr'>zu</span> <span class='ocrx_word' id='word_1_214' title='bbox 511 1693 541 1716; x_wconf 87' lang='lat' dir='ltr'>c.</span> <span class='ocrx_word' id='word_1_215' title='bbox 571 1685 627 1725; x_wconf 85' lang='lat'>13,</span> <span class='ocrx_word' id='word_1_216' title='bbox 653 1685 685 1716; x_wconf 81' lang='lat'>2.</span> 
     </span>
    </p>

    <p class='ocr_par' dir='ltr' id='par_1_10' title="bbox 98 1729 651 1814">
     <span class='ocr_line' id='line_1_30' title="bbox 144 1729 651 1776; baseline -0.006 -10"><span class='ocrx_word' id='word_1_217' title='bbox 144 1731 270 1776; x_wconf 80' lang='lat' dir='ltr'>hiems]</span> <span class='ocrx_word' id='word_1_218' title='bbox 318 1729 651 1773; x_wconf 76' lang='lat' dir='ltr'>‘Winterwetter&#39;3</span> 
     </span>
     <span class='ocr_line' id='line_1_31' title="bbox 98 1777 613 1814; baseline -0.004 0"><span class='ocrx_word' id='word_1_219' title='bbox 98 1778 238 1814; x_wconf 84' lang='lat' dir='ltr'>bereits</span> <span class='ocrx_word' id='word_1_220' title='bbox 264 1777 369 1813; x_wconf 86' lang='lat' dir='ltr'>Ende</span> <span class='ocrx_word' id='word_1_221' title='bbox 395 1778 613 1813; x_wconf 88' lang='lat' dir='ltr'>December.</span> 
     </span>
    </p>

    <p class='ocr_par' dir='ltr' id='par_1_11' title="bbox 98 1824 855 2005">
     <span class='ocr_line' id='line_1_32' title="bbox 147 1824 853 1871; baseline -0.006 -9"><span class='ocrx_word' id='word_1_222' title='bbox 147 1831 180 1862; x_wconf 88' lang='lat'>6.</span> <span class='ocrx_word' id='word_1_223' title='bbox 202 1837 270 1871; x_wconf 84' lang='lat' dir='ltr'>per</span> <span class='ocrx_word' id='word_1_224' title='bbox 296 1826 495 1861; x_wconf 76' lang='lat' dir='ltr'>transitum</span> <span class='ocrx_word' id='word_1_225' title='bbox 515 1824 751 1871; x_wconf 75' lang='lat' dir='ltr'>Appennini]</span> <span class='ocrx_word' id='word_1_226' title='bbox 777 1824 800 1858; x_wconf 83' lang='lat' dir='ltr'>i.</span> <span class='ocrx_word' id='word_1_227' title='bbox 824 1835 853 1859; x_wconf 88' lang='lat' dir='ltr'>e.</span> 
     </span>
     <span class='ocr_line' id='line_1_33' title="bbox 98 1872 854 1919; baseline -0.003 -10"><span class='ocrx_word' id='word_1_228' title='bbox 98 1874 188 1909; x_wconf 87' lang='lat' dir='ltr'>dum</span> <span class='ocrx_word' id='word_1_229' title='bbox 218 1873 486 1919; x_wconf 84' lang='lat' dir='ltr'>Appenninum</span> <span class='ocrx_word' id='word_1_230' title='bbox 526 1873 663 1908; x_wconf 79' lang='lat' dir='ltr'>transit</span> <span class='ocrx_word' id='word_1_231' title='bbox 699 1884 721 1907; x_wconf 83' lang='lat' dir='ltr'>a</span> <span class='ocrx_word' id='word_1_232' title='bbox 752 1872 854 1907; x_wconf 85' lang='lat' dir='ltr'>Fano</span> 
     </span>
     <span class='ocr_line' id='line_1_34' title="bbox 98 1919 855 1966; baseline -0.004 -9"><span class='ocrx_word' id='word_1_233' title='bbox 98 1922 288 1957; x_wconf 77' lang='lat' dir='ltr'>Fortunae</span> <span class='ocrx_word' id='word_1_234' title='bbox 315 1923 359 1966; x_wconf 86' lang='lat' dir='ltr'>(c.</span> <span class='ocrx_word' id='word_1_235' title='bbox 380 1924 441 1965; x_wconf 88' lang='lat'>50)</span> <span class='ocrx_word' id='word_1_236' title='bbox 468 1921 530 1955; x_wconf 82' lang='lat' dir='ltr'>via</span> <span class='ocrx_word' id='word_1_237' title='bbox 555 1919 745 1955; x_wconf 85' lang='lat' dir='ltr'>Flaminia.</span> <span class='ocrx_word' id='word_1_238' title='bbox 770 1930 855 1964; x_wconf 85' lang='lat' dir='ltr'>pro-</span> 
     </span>
     <span class='ocr_line' id='line_1_35' title="bbox 98 1970 230 2005; baseline 0 -1"><span class='ocrx_word' id='word_1_239' title='bbox 98 1970 230 2005; x_wconf 78' lang='lat' dir='ltr'>fectus</span> 
     </span>
    </p>

    <p class='ocr_par' dir='ltr' id='par_1_12' title="bbox 147 2014 638 2063">
     <span class='ocr_line' id='line_1_36' title="bbox 147 2014 638 2063; baseline -0.004 -12"><span class='ocrx_word' id='word_1_240' title='bbox 147 2016 284 2063; x_wconf 78' lang='lat' dir='ltr'>quieto]</span> <span class='ocrx_word' id='word_1_241' title='bbox 312 2015 345 2052; x_wconf 85' lang='lat' dir='ltr'>d.</span> <span class='ocrx_word' id='word_1_242' title='bbox 369 2015 394 2050; x_wconf 89' lang='lat' dir='ltr'>i.</span> <span class='ocrx_word' id='word_1_243' title='bbox 419 2014 638 2050; x_wconf 83' lang='lat' dir='ltr'>illacessito.</span> 
     </span>
    </p>

    <p class='ocr_par' dir='ltr' id='par_1_13' title="bbox 99 2061 854 2254">
     <span class='ocr_line' id='line_1_37' title="bbox 149 2061 854 2105; baseline -0.007 -5"><span class='ocrx_word' id='word_1_244' title='bbox 149 2068 180 2100; x_wconf 94' lang='lat'>7.</span> <span class='ocrx_word' id='word_1_245' title='bbox 213 2064 369 2100; x_wconf 82' lang='lat' dir='ltr'>eluctari</span> <span class='ocrx_word' id='word_1_246' title='bbox 403 2062 499 2098; x_wconf 78' lang='lat' dir='ltr'>‘sich</span> <span class='ocrx_word' id='word_1_247' title='bbox 536 2061 854 2105; x_wconf 81' lang='lat' dir='ltr'>herausarbeiten,</span> 
     </span>
     <span class='ocr_line' id='line_1_38' title="bbox 100 2109 854 2155; baseline -0.005 -8"><span class='ocrx_word' id='word_1_248' title='bbox 100 2109 703 2155; x_wconf 83' lang='lat' dir='ltr'>einenDurchwegfreimachen&#39;.</span> <span class='ocrx_word' id='word_1_249' title='bbox 717 2110 804 2154; x_wconf 83' lang='lat' dir='ltr'>Agr.</span> <span class='ocrx_word' id='word_1_250' title='bbox 812 2113 854 2144; x_wconf 88' lang='lat'>17</span> 
     </span>
     <span class='ocr_line' id='line_1_39' title="bbox 101 2139 854 2204; baseline -0.004 -9"><span class='ocrx_word' id='word_1_251' title='bbox 101 2170 211 2204; x_wconf 85' lang='lat' dir='ltr'>super</span> <span class='ocrx_word' id='word_1_252' title='bbox 228 2160 399 2194; x_wconf 77' lang='lat' dir='ltr'>virtutem</span> <span class='ocrx_word' id='word_1_253' title='bbox 415 2159 572 2193; x_wconf 82' lang='lat' dir='ltr'>hostium</span> <span class='ocrx_word' id='word_1_254' title='bbox 595 2139 773 2193; x_wconf 64' lang='lat' dir='ltr'>locorumD</span> <span class='ocrx_word' id='word_1_255' title='bbox 769 2168 854 2202; x_wconf 80' lang='lat' dir='ltr'>quo-</span> 
     </span>
     <span class='ocr_line' id='line_1_40' title="bbox 99 2207 648 2254; baseline -0.007 -11"><span class='ocrx_word' id='word_1_256' title='bbox 99 2219 167 2254; x_wconf 80' lang='lat' dir='ltr'>que</span> <span class='ocrx_word' id='word_1_257' title='bbox 190 2207 431 2251; x_wconf 80' lang='lat' dir='ltr'>difficultates</span> <span class='ocrx_word' id='word_1_258' title='bbox 456 2207 648 2241; x_wconf 78' lang='lat' dir='ltr'>eluctatus</span> 
     </span>
    </p>

    <p class='ocr_par' dir='ltr' id='par_1_14' title="bbox 149 2252 856 2297">
     <span class='ocr_line' id='line_1_41' title="bbox 149 2252 856 2297; baseline -0.006 -7"><span class='ocrx_word' id='word_1_259' title='bbox 149 2259 180 2290; x_wconf 82' lang='lat'>9.</span> <span class='ocrx_word' id='word_1_260' title='bbox 212 2255 311 2290; x_wconf 79' lang='lat' dir='ltr'>ratio</span> <span class='ocrx_word' id='word_1_261' title='bbox 343 2254 382 2288; x_wconf 85' lang='lat' dir='ltr'>in</span> <span class='ocrx_word' id='word_1_262' title='bbox 415 2254 482 2288; x_wconf 85' lang='lat' dir='ltr'>der</span> <span class='ocrx_word' id='word_1_263' title='bbox 507 2252 856 2297; x_wconf 76' lang='lat' dir='ltr'>Grundbedeutung</span> 
     </span>
    </p>

    <p class='ocr_par' dir='ltr' id='par_1_15' title="bbox 100 2299 856 2433">
     <span class='ocr_line' id='line_1_42' title="bbox 108 2299 856 2348; baseline -0.004 -10.933"><span class='ocrx_word' id='word_1_264' title='bbox 108 2302 399 2348; x_wconf 68' lang='lat' dir='ltr'>‘&#39;Berechnung&#39;⁷</span> <span class='ocrx_word' id='word_1_265' title='bbox 430 2301 513 2336; x_wconf 84' lang='lat' dir='ltr'>hier</span> <span class='ocrx_word' id='word_1_266' title='bbox 540 2300 670 2346; x_wconf 87' lang='lat' dir='ltr'>kluge</span> <span class='ocrx_word' id='word_1_267' title='bbox 696 2299 856 2335; x_wconf 89' lang='lat' dir='ltr'>Berecb-</span> 
     </span>
     <span class='ocr_line' id='line_1_43' title="bbox 100 2329 856 2396; baseline -0.005 -10"><span class='ocrx_word' id='word_1_268' title='bbox 100 2362 214 2396; x_wconf 86' lang='lat' dir='ltr'>nung,</span> <span class='ocrx_word' id='word_1_269' title='bbox 234 2329 504 2394; x_wconf 80' lang='lat' dir='ltr'>Uberleg⁷ung’.</span> <span class='ocrx_word' id='word_1_270' title='bbox 541 2348 627 2394; x_wconf 85' lang='lat' dir='ltr'>Vgl.</span> <span class='ocrx_word' id='word_1_271' title='bbox 649 2359 694 2383; x_wconf 92' lang='lat' dir='ltr'>zu</span> <span class='ocrx_word' id='word_1_272' title='bbox 714 2359 743 2383; x_wconf 87' lang='lat' dir='ltr'>c.</span> <span class='ocrx_word' id='word_1_273' title='bbox 762 2352 819 2392; x_wconf 82' lang='lat'>20,</span> <span class='ocrx_word' id='word_1_274' title='bbox 837 2352 856 2382; x_wconf 87' lang='grc'><strong>6</strong></span> 
     </span>
     <span class='ocr_line' id='line_1_44' title="bbox 101 2398 398 2441; baseline -0.007 -8"><span class='ocrx_word' id='word_1_275' title='bbox 101 2398 228 2435; x_wconf 86' lang='lat' dir='ltr'>undI</span> <span class='ocrx_word' id='word_1_276' title='bbox 259 2400 398 2441; x_wconf 83' lang='lat'>83,16.</span> 
     </span>
    </p>

    <p class='ocr_par' dir='ltr' id='par_1_16' title="bbox 150 2445 641 2490">
     <span class='ocr_line' id='line_1_45' title="bbox 150 2445 641 2490; baseline -0.006 -10"><span class='ocrx_word' id='word_1_277' title='bbox 150 2445 290 2490; x_wconf 78' lang='lat' dir='ltr'>adfuit]</span> <span class='ocrx_word' id='word_1_278' title='bbox 318 2457 344 2479; x_wconf 88' lang='lat' dir='ltr'>s.</span> <span class='ocrx_word' id='word_1_279' title='bbox 373 2456 418 2478; x_wconf 90' lang='lat' dir='ltr'>zu</span> <span class='ocrx_word' id='word_1_280' title='bbox 443 2455 473 2479; x_wconf 91' lang='lat' dir='ltr'>c.</span> <span class='ocrx_word' id='word_1_281' title='bbox 500 2447 558 2487; x_wconf 85' lang='lat'>46,</span> <span class='ocrx_word' id='word_1_282' title='bbox 586 2447 641 2478; x_wconf 93' lang='lat'>11.</span> 
     </span>
    </p>

    <p class='ocr_par' dir='ltr' id='par_1_17' title="bbox 102 2490 866 2965">
     <span class='ocr_line' id='line_1_46' title="bbox 152 2490 858 2539; baseline -0.003 -12"><span class='ocrx_word' id='word_1_283' title='bbox 152 2493 194 2539; x_wconf 75' lang='lat' dir='ltr'>Q.</span> <span class='ocrx_word' id='word_1_284' title='bbox 223 2493 383 2528; x_wconf 85' lang='lat' dir='ltr'>Petilius</span> <span class='ocrx_word' id='word_1_285' title='bbox 418 2490 571 2526; x_wconf 80' lang='lat' dir='ltr'>Cerialis</span> <span class='ocrx_word' id='word_1_286' title='bbox 599 2490 748 2526; x_wconf 83' lang='lat' dir='ltr'>Caesius</span> <span class='ocrx_word' id='word_1_287' title='bbox 779 2490 858 2525; x_wconf 86' lang='lat' dir='ltr'>Ru·</span> 
     </span>
     <span class='ocr_line' id='line_1_47' title="bbox 102 2538 858 2584; baseline -0.004 -9"><span class='ocrx_word' id='word_1_288' title='bbox 102 2541 165 2584; x_wconf 82' lang='lat' dir='ltr'>fus</span> <span class='ocrx_word' id='word_1_289' title='bbox 202 2541 313 2575; x_wconf 78' lang='lat' dir='ltr'>unter</span> <span class='ocrx_word' id='word_1_290' title='bbox 344 2539 445 2574; x_wconf 84' lang='lat' dir='ltr'>Nero</span> <span class='ocrx_word' id='word_1_291' title='bbox 480 2543 522 2573; x_wconf 94' lang='lat'>61</span> <span class='ocrx_word' id='word_1_292' title='bbox 559 2551 593 2572; x_wconf 86' lang='lat' dir='ltr'>n.</span> <span class='ocrx_word' id='word_1_293' title='bbox 628 2538 711 2573; x_wconf 91' lang='lat' dir='ltr'>Chr.</span> <span class='ocrx_word' id='word_1_294' title='bbox 745 2538 858 2573; x_wconf 86' lang='lat' dir='ltr'>Kom-</span> 
     </span>
     <span class='ocr_line' id='line_1_48' title="bbox 102 2585 860 2631; baseline -0.005 -8"><span class='ocrx_word' id='word_1_295' title='bbox 102 2588 284 2623; x_wconf 85' lang='lat' dir='ltr'>mandeur</span> <span class='ocrx_word' id='word_1_296' title='bbox 314 2587 380 2622; x_wconf 88' lang='lat' dir='ltr'>der</span> <span class='ocrx_word' id='word_1_297' title='bbox 399 2586 460 2621; x_wconf 92' lang='lat' dir='ltr'>IX.</span> <span class='ocrx_word' id='word_1_298' title='bbox 483 2586 628 2631; x_wconf 85' lang='lat' dir='ltr'>Legion</span> <span class='ocrx_word' id='word_1_299' title='bbox 653 2586 693 2620; x_wconf 89' lang='lat' dir='ltr'>in</span> <span class='ocrx_word' id='word_1_300' title='bbox 711 2585 860 2620; x_wconf 81' lang='lat' dir='ltr'>Britan-</span> 
     </span>
     <span class='ocr_line' id='line_1_49' title="bbox 105 2633 861 2678; baseline -0.004 -8"><span class='ocrx_word' id='word_1_301' title='bbox 105 2635 193 2670; x_wconf 87' lang='lat' dir='ltr'>nien</span> <span class='ocrx_word' id='word_1_302' title='bbox 219 2636 276 2678; x_wconf 87' lang='lat' dir='ltr'>(A.</span> <span class='ocrx_word' id='word_1_303' title='bbox 303 2634 402 2678; x_wconf 88' lang='lat' dir='ltr'>XIV,</span> <span class='ocrx_word' id='word_1_304' title='bbox 430 2637 500 2677; x_wconf 85' lang='lat'>32),</span> <span class='ocrx_word' id='word_1_305' title='bbox 527 2633 659 2668; x_wconf 86' lang='lat' dir='ltr'>consul</span> <span class='ocrx_word' id='word_1_306' title='bbox 684 2633 861 2668; x_wconf 79' lang='lat' dir='ltr'>suffectus</span> 
     </span>
     <span class='ocr_line' id='line_1_50' title="bbox 107 2679 862 2726; baseline -0.005 -8"><span class='ocrx_word' id='word_1_307' title='bbox 107 2686 153 2718; x_wconf 80' lang='lat'>‘10</span> <span class='ocrx_word' id='word_1_308' title='bbox 171 2695 206 2718; x_wconf 88' lang='lat' dir='ltr'>n.</span> <span class='ocrx_word' id='word_1_309' title='bbox 226 2681 310 2717; x_wconf 87' lang='lat' dir='ltr'>Chr.</span> <span class='ocrx_word' id='word_1_310' title='bbox 326 2681 484 2726; x_wconf 84' lang='lat' dir='ltr'>(Ioseph.</span> <span class='ocrx_word' id='word_1_311' title='bbox 499 2681 535 2716; x_wconf 91' lang='lat' dir='ltr'>b.</span> <span class='ocrx_word' id='word_1_312' title='bbox 550 2680 629 2715; x_wconf 84' lang='lat' dir='ltr'>Iud.</span> <span class='ocrx_word' id='word_1_313' title='bbox 646 2679 726 2724; x_wconf 83' lang='lat' dir='ltr'>VII,</span> <span class='ocrx_word' id='word_1_314' title='bbox 741 2685 798 2725; x_wconf 81' lang='lat'>23,</span> <span class='ocrx_word' id='word_1_315' title='bbox 814 2682 862 2725; x_wconf 91' lang='lat'>4),</span> 
     </span>
     <span class='ocr_line' id='line_1_51' title="bbox 108 2728 862 2766; baseline -0.003 -2"><span class='ocrx_word' id='word_1_316' title='bbox 108 2729 423 2766; x_wconf 79' lang='lat' dir='ltr'>wahrscheinlich</span> <span class='ocrx_word' id='word_1_317' title='bbox 437 2739 651 2763; x_wconf 83' lang='lat' dir='ltr'>zusammen</span> <span class='ocrx_word' id='word_1_318' title='bbox 664 2728 735 2763; x_wconf 87' lang='lat' dir='ltr'>mit</span> <span class='ocrx_word' id='word_1_319' title='bbox 750 2728 787 2764; x_wconf 90' lang='lat' dir='ltr'>C.</span> <span class='ocrx_word' id='word_1_320' title='bbox 804 2728 862 2762; x_wconf 88' lang='lat' dir='ltr'>Li·</span> 
     </span>
     <span class='ocr_line' id='line_1_52' title="bbox 113 2775 865 2824; baseline -0.003 -12"><span class='ocrx_word' id='word_1_321' title='bbox 113 2777 233 2812; x_wconf 81' lang='lat' dir='ltr'>cinius</span> <span class='ocrx_word' id='word_1_322' title='bbox 258 2777 454 2824; x_wconf 66' lang='lat' dir='ltr'>Mucianus</span> <span class='ocrx_word' id='word_1_323' title='bbox 482 2775 591 2821; x_wconf 80' lang='lat' dir='ltr'>(Plin.</span> <span class='ocrx_word' id='word_1_324' title='bbox 612 2788 647 2812; x_wconf 89' lang='lat' dir='ltr'>n.</span> <span class='ocrx_word' id='word_1_325' title='bbox 669 2776 704 2810; x_wconf 93' lang='grc'>11.</span> <span class='ocrx_word' id='word_1_326' title='bbox 724 2775 865 2810; x_wconf 85' lang='lat' dir='ltr'>XXXV</span> 
     </span>
     <span class='ocr_line' id='line_1_53' title="bbox 111 2822 864 2868; baseline -0.001 -9"><span class='ocrx_word' id='word_1_327' title='bbox 111 2828 131 2867; x_wconf 65' lang='grc' dir='ltr'>ξ</span> <span class='ocrx_word' id='word_1_328' title='bbox 158 2825 260 2868; x_wconf 89' lang='grc'>163),</span> <span class='ocrx_word' id='word_1_329' title='bbox 293 2836 361 2860; x_wconf 84' lang='lat' dir='ltr'>vor</span> <span class='ocrx_word' id='word_1_330' title='bbox 385 2823 624 2859; x_wconf 82' lang='lat' dir='ltr'>Ubernahme</span> <span class='ocrx_word' id='word_1_331' title='bbox 659 2823 723 2858; x_wconf 86' lang='lat' dir='ltr'>des</span> <span class='ocrx_word' id='word_1_332' title='bbox 751 2822 864 2858; x_wconf 89' lang='lat' dir='ltr'>Ober-</span> 
     </span>
     <span class='ocr_line' id='line_1_54' title="bbox 111 2870 866 2917; baseline -0.001 -11"><span class='ocrx_word' id='word_1_333' title='bbox 111 2871 259 2907; x_wconf 85' lang='lat' dir='ltr'>befehls</span> <span class='ocrx_word' id='word_1_334' title='bbox 299 2882 421 2917; x_wconf 85' lang='lat' dir='ltr'>gegen</span> <span class='ocrx_word' id='word_1_335' title='bbox 459 2871 519 2906; x_wconf 86' lang='lat' dir='ltr'>die</span> <span class='ocrx_word' id='word_1_336' title='bbox 558 2870 866 2906; x_wconf 71' lang='lat' dir='ltr'>aufstandischen</span> 
     </span>
     <span class='ocr_line' id='line_1_55' title="bbox 116 2917 866 2965; baseline 0.001 -12"><span class='ocrx_word' id='word_1_337' title='bbox 116 2918 288 2965; x_wconf 71' lang='lat' dir='ltr'>Bataver,</span> <span class='ocrx_word' id='word_1_338' title='bbox 316 2923 357 2954; x_wconf 91' lang='lat'>71</span> <span class='ocrx_word' id='word_1_339' title='bbox 387 2918 476 2954; x_wconf 88' lang='lat' dir='ltr'>oder</span> <span class='ocrx_word' id='word_1_340' title='bbox 502 2922 546 2953; x_wconf 82' lang='lat'>72</span> <span class='ocrx_word' id='word_1_341' title='bbox 574 2931 608 2953; x_wconf 88' lang='lat' dir='ltr'>n.</span> <span class='ocrx_word' id='word_1_342' title='bbox 634 2917 718 2953; x_wconf 89' lang='lat' dir='ltr'>Chr.</span> <span class='ocrx_word' id='word_1_343' title='bbox 747 2918 866 2954; x_wconf 68' lang='lat' dir='ltr'>scatt-</span> 
     </span>
    </p>
   </div>
   <div class='ocr_carea' id='block_1_5' title="bbox 697 1739 856 1764">
    <p class='ocr_par' dir='ltr' id='par_1_18' title="bbox 697 1739 856 1764">
     <span class='ocr_line' id='line_1_56' title="bbox 697 1739 856 1764; baseline -0.006 0"><span class='ocrx_word' id='word_1_344' title='bbox 697 1741 735 1764; x_wconf 74' lang='grc' dir='ltr'>ΘΒ</span> <span class='ocrx_word' id='word_1_345' title='bbox 779 1739 856 1763; x_wconf 73' lang='lat' dir='ltr'>war</span> 
     </span>
    </p>
   </div>
   <div class='ocr_carea' id='block_1_6' title="bbox 926 1103 1695 2962">
    <p class='ocr_par' dir='ltr' id='par_1_19' title="bbox 928 1103 1686 1285">
     <span class='ocr_line' id='line_1_57' title="bbox 928 1103 1686 1149; baseline -0.005 -7"><span class='ocrx_word' id='word_1_346' title='bbox 928 1107 1054 1142; x_wconf 84' lang='lat' dir='ltr'>halter</span> <span class='ocrx_word' id='word_1_347' title='bbox 1067 1106 1106 1141; x_wconf 85' lang='lat' dir='ltr'>in</span> <span class='ocrx_word' id='word_1_348' title='bbox 1120 1105 1353 1149; x_wconf 82' lang='lat' dir='ltr'>Britannien,</span> <span class='ocrx_word' id='word_1_349' title='bbox 1370 1109 1415 1140; x_wconf 90' lang='lat'>74</span> <span class='ocrx_word' id='word_1_350' title='bbox 1430 1116 1513 1139; x_wconf 90' lang='lat' dir='ltr'>zum</span> <span class='ocrx_word' id='word_1_351' title='bbox 1527 1103 1686 1139; x_wconf 81' lang='lat' dir='ltr'>zweiten</span> 
     </span>
     <span class='ocr_line' id='line_1_58' title="bbox 928 1152 1686 1198; baseline -0.004 -9"><span class='ocrx_word' id='word_1_352' title='bbox 928 1154 1028 1190; x_wconf 81' lang='lat' dir='ltr'>Male</span> <span class='ocrx_word' id='word_1_353' title='bbox 1056 1154 1186 1189; x_wconf 88' lang='lat' dir='ltr'>consul</span> <span class='ocrx_word' id='word_1_354' title='bbox 1207 1153 1395 1189; x_wconf 79' lang='lat' dir='ltr'>suffectus,</span> <span class='ocrx_word' id='word_1_355' title='bbox 1436 1153 1516 1187; x_wconf 85' lang='lat' dir='ltr'>Ihm</span> <span class='ocrx_word' id='word_1_356' title='bbox 1545 1152 1686 1198; x_wconf 81' lang='lat' dir='ltr'>gelang</span> 
     </span>
     <span class='ocr_line' id='line_1_59' title="bbox 931 1199 1684 1245; baseline -0.004 -8"><span class='ocrx_word' id='word_1_357' title='bbox 931 1214 968 1237; x_wconf 87' lang='lat' dir='ltr'>es</span> <span class='ocrx_word' id='word_1_358' title='bbox 996 1202 1061 1237; x_wconf 83' lang='lat' dir='ltr'>das</span> <span class='ocrx_word' id='word_1_359' title='bbox 1088 1202 1280 1237; x_wconf 75' lang='lat' dir='ltr'>vei-lorene</span> <span class='ocrx_word' id='word_1_360' title='bbox 1303 1201 1471 1245; x_wconf 82' lang='lat' dir='ltr'>Prestige</span> <span class='ocrx_word' id='word_1_361' title='bbox 1493 1201 1606 1236; x_wconf 80' lang='lat' dir='ltr'>Roms</span> <span class='ocrx_word' id='word_1_362' title='bbox 1632 1199 1684 1234; x_wconf 89' lang='lat' dir='ltr'>im</span> 
     </span>
     <span class='ocr_line' id='line_1_60' title="bbox 929 1247 1539 1285; baseline -0.002 0"><span class='ocrx_word' id='word_1_363' title='bbox 929 1250 1082 1285; x_wconf 81' lang='lat' dir='ltr'>Norden</span> <span class='ocrx_word' id='word_1_364' title='bbox 1108 1249 1248 1285; x_wconf 81' lang='lat' dir='ltr'>wieder</span> <span class='ocrx_word' id='word_1_365' title='bbox 1274 1247 1539 1284; x_wconf 83' lang='lat' dir='ltr'>herzustellen.</span> 
     </span>
    </p>

    <p class='ocr_par' dir='ltr' id='par_1_20' title="bbox 930 1294 1684 1389">
     <span class='ocr_line' id='line_1_61' title="bbox 980 1294 1684 1340; baseline -0.003 -7"><span class='ocrx_word' id='word_1_366' title='bbox 980 1301 1035 1333; x_wconf 90' lang='lat'>10.</span> <span class='ocrx_word' id='word_1_367' title='bbox 1057 1299 1176 1333; x_wconf 89' lang='lat' dir='ltr'>cultus</span> <span class='ocrx_word' id='word_1_368' title='bbox 1196 1297 1278 1332; x_wconf 85' lang='lat' dir='ltr'>hier</span> <span class='ocrx_word' id='word_1_369' title='bbox 1300 1297 1498 1340; x_wconf 66' lang='lat' dir='ltr'>‘Tracht&#39;‚</span> <span class='ocrx_word' id='word_1_370' title='bbox 1520 1294 1592 1331; x_wconf 84' lang='lat' dir='ltr'>wie</span> <span class='ocrx_word' id='word_1_371' title='bbox 1606 1295 1684 1331; x_wconf 86' lang='lat' dir='ltr'>Liv.</span> 
     </span>
     <span class='ocr_line' id='line_1_62' title="bbox 930 1345 1312 1389; baseline 0 -9"><span class='ocrx_word' id='word_1_372' title='bbox 930 1345 1064 1389; x_wconf 77' lang='lat' dir='ltr'>XXIII,</span> <span class='ocrx_word' id='word_1_373' title='bbox 1091 1350 1147 1388; x_wconf 88' lang='lat'>34,</span> <span class='ocrx_word' id='word_1_374' title='bbox 1177 1349 1196 1380; x_wconf 89' lang='lat'>6</span> <span class='ocrx_word' id='word_1_375' title='bbox 1223 1357 1257 1379; x_wconf 79' lang='lat' dir='ltr'>n.</span> <span class='ocrx_word' id='word_1_376' title='bbox 1281 1348 1312 1380; x_wconf 88' lang='grc' dir='ltr'>ὃ.</span> 
     </span>
    </p>

    <p class='ocr_par' dir='ltr' id='par_1_21' title="bbox 926 1390 1691 2239">
     <span class='ocr_line' id='line_1_63' title="bbox 976 1390 1687 1439; baseline -0.004 -11"><span class='ocrx_word' id='word_1_377' title='bbox 976 1393 1178 1439; x_wconf 78' lang='lat' dir='ltr'>custodias]</span> <span class='ocrx_word' id='word_1_378' title='bbox 1220 1392 1290 1427; x_wconf 81' lang='lat' dir='ltr'>wie</span> <span class='ocrx_word' id='word_1_379' title='bbox 1330 1391 1392 1427; x_wconf 88' lang='lat' dir='ltr'>bei</span> <span class='ocrx_word' id='word_1_380' title='bbox 1426 1391 1501 1426; x_wconf 86' lang='lat' dir='ltr'>Cic.</span> <span class='ocrx_word' id='word_1_381' title='bbox 1535 1402 1611 1427; x_wconf 83' lang='lat' dir='ltr'>acc.</span> <span class='ocrx_word' id='word_1_382' title='bbox 1647 1390 1687 1425; x_wconf 87' lang='lat' dir='ltr'>in</span> 
     </span>
     <span class='ocr_line' id='line_1_64' title="bbox 926 1439 1687 1483; baseline -0.003 -8"><span class='ocrx_word' id='word_1_383' title='bbox 926 1441 1031 1476; x_wconf 79' lang='lat' dir='ltr'>Verr.</span> <span class='ocrx_word' id='word_1_384' title='bbox 1054 1440 1106 1474; x_wconf 81' lang='lat'>111</span> <span class='ocrx_word' id='word_1_385' title='bbox 1134 1445 1152 1483; x_wconf 65' lang='grc' dir='ltr'>ἕ</span> <span class='ocrx_word' id='word_1_386' title='bbox 1175 1444 1218 1475; x_wconf 89' lang='grc'>60</span> <span class='ocrx_word' id='word_1_387' title='bbox 1247 1440 1399 1475; x_wconf 78' lang='lat' dir='ltr'>biduum</span> <span class='ocrx_word' id='word_1_388' title='bbox 1424 1439 1621 1474; x_wconf 82' lang='lat' dir='ltr'>Leontinis</span> <span class='ocrx_word' id='word_1_389' title='bbox 1647 1439 1687 1473; x_wconf 80' lang='lat' dir='ltr'>in</span> 
     </span>
     <span class='ocr_line' id='line_1_65' title="bbox 927 1488 1687 1532; baseline -0.004 -9"><span class='ocrx_word' id='word_1_390' title='bbox 927 1489 1008 1532; x_wconf 81' lang='lat' dir='ltr'>foro</span> <span class='ocrx_word' id='word_1_391' title='bbox 1035 1489 1211 1524; x_wconf 83' lang='lat' dir='ltr'>custodiis</span> <span class='ocrx_word' id='word_1_392' title='bbox 1236 1488 1402 1532; x_wconf 77' lang='lat' dir='ltr'>Apronii</span> <span class='ocrx_word' id='word_1_393' title='bbox 1427 1490 1605 1522; x_wconf 80' lang='lat' dir='ltr'>retentum</span> <span class='ocrx_word' id='word_1_394' title='bbox 1632 1490 1687 1520; x_wconf 86' lang='lat' dir='ltr'>at·</span> 
     </span>
     <span class='ocr_line' id='line_1_66' title="bbox 927 1533 1688 1582; baseline -0.007 -10"><span class='ocrx_word' id='word_1_395' title='bbox 927 1548 994 1582; x_wconf 79' lang='lat' dir='ltr'>que</span> <span class='ocrx_word' id='word_1_396' title='bbox 1015 1540 1237 1571; x_wconf 66' lang='lat' dir='ltr'>asservatum</span> <span class='ocrx_word' id='word_1_397' title='bbox 1260 1535 1335 1569; x_wconf 88' lang='lat' dir='ltr'>und</span> <span class='ocrx_word' id='word_1_398' title='bbox 1351 1534 1454 1570; x_wconf 77' lang='lat' dir='ltr'>Caes.</span> <span class='ocrx_word' id='word_1_399' title='bbox 1477 1535 1511 1570; x_wconf 89' lang='lat' dir='ltr'>b.</span> <span class='ocrx_word' id='word_1_400' title='bbox 1529 1533 1570 1568; x_wconf 90' lang='lat' dir='ltr'>G.</span> <span class='ocrx_word' id='word_1_401' title='bbox 1587 1533 1649 1577; x_wconf 88' lang='lat' dir='ltr'>IV,</span> <span class='ocrx_word' id='word_1_402' title='bbox 1666 1538 1688 1568; x_wconf 88' lang='lat'>4</span> 
     </span>
     <span class='ocr_line' id='line_1_67' title="bbox 928 1584 1686 1629; baseline -0.004 -10"><span class='ocrx_word' id='word_1_403' title='bbox 928 1596 1041 1629; x_wconf 78' lang='lat' dir='ltr'>neque</span> <span class='ocrx_word' id='word_1_404' title='bbox 1075 1585 1168 1619; x_wconf 87' lang='lat' dir='ltr'>clam</span> <span class='ocrx_word' id='word_1_405' title='bbox 1201 1584 1362 1619; x_wconf 81' lang='lat' dir='ltr'>transire</span> <span class='ocrx_word' id='word_1_406' title='bbox 1391 1586 1544 1627; x_wconf 80' lang='lat' dir='ltr'>propter</span> <span class='ocrx_word' id='word_1_407' title='bbox 1571 1586 1686 1617; x_wconf 86' lang='lat' dir='ltr'>custo-</span> 
     </span>
     <span class='ocr_line' id='line_1_68' title="bbox 929 1629 1688 1676; baseline -0.005 -9"><span class='ocrx_word' id='word_1_408' title='bbox 929 1633 1013 1668; x_wconf 84' lang='lat' dir='ltr'>dias</span> <span class='ocrx_word' id='word_1_409' title='bbox 1041 1632 1308 1676; x_wconf 72' lang='lat' dir='ltr'>]lIenapiorum</span> <span class='ocrx_word' id='word_1_410' title='bbox 1329 1634 1498 1675; x_wconf 75' lang='lat' dir='ltr'>possent,</span> <span class='ocrx_word' id='word_1_411' title='bbox 1525 1629 1595 1664; x_wconf 85' lang='lat' dir='ltr'>mit</span> <span class='ocrx_word' id='word_1_412' title='bbox 1622 1629 1688 1664; x_wconf 87' lang='lat' dir='ltr'>der</span> 
     </span>
     <span class='ocr_line' id='line_1_69' title="bbox 928 1677 1687 1723; baseline -0.005 -8"><span class='ocrx_word' id='word_1_413' title='bbox 928 1679 1143 1715; x_wconf 62' lang='lat' dir='ltr'>namlichen</span> <span class='ocrx_word' id='word_1_414' title='bbox 1151 1678 1380 1723; x_wconf 80' lang='lat' dir='ltr'>Metonymie</span> <span class='ocrx_word' id='word_1_415' title='bbox 1394 1678 1604 1723; x_wconf 84' lang='lat' dir='ltr'>gebraucht</span> <span class='ocrx_word' id='word_1_416' title='bbox 1617 1677 1687 1711; x_wconf 81' lang='lat' dir='ltr'>wie</span> 
     </span>
     <span class='ocr_line' id='line_1_70' title="bbox 928 1725 1687 1770; baseline -0.004 -8"><span class='ocrx_word' id='word_1_417' title='bbox 928 1739 1039 1763; x_wconf 82' lang='lat' dir='ltr'>unser</span> <span class='ocrx_word' id='word_1_418' title='bbox 1063 1726 1235 1762; x_wconf 81' lang='lat' dir='ltr'>‘Wache’</span> <span class='ocrx_word' id='word_1_419' title='bbox 1261 1726 1350 1761; x_wconf 90' lang='lat' dir='ltr'>oder</span> <span class='ocrx_word' id='word_1_420' title='bbox 1367 1725 1687 1770; x_wconf 79' lang='lat' dir='ltr'>‘Wachtposten’.</span> 
     </span>
     <span class='ocr_line' id='line_1_71' title="bbox 928 1773 1688 1821; baseline -0.003 -12"><span class='ocrx_word' id='word_1_421' title='bbox 928 1775 1014 1821; x_wconf 86' lang='lat' dir='ltr'>Vgl.</span> <span class='ocrx_word' id='word_1_422' title='bbox 1050 1774 1094 1809; x_wconf 92' lang='lat' dir='ltr'>H.</span> <span class='ocrx_word' id='word_1_423' title='bbox 1129 1775 1191 1817; x_wconf 85' lang='lat' dir='ltr'>IV,</span> <span class='ocrx_word' id='word_1_424' title='bbox 1226 1778 1270 1809; x_wconf 78' lang='lat'>28</span> <span class='ocrx_word' id='word_1_425' title='bbox 1310 1775 1462 1808; x_wconf 83' lang='lat' dir='ltr'>intentis</span> <span class='ocrx_word' id='word_1_426' title='bbox 1500 1773 1688 1814; x_wconf 81' lang='lat' dir='ltr'>custodiis,</span> 
     </span>
     <span class='ocr_line' id='line_1_72' title="bbox 928 1821 1689 1867; baseline -0.005 -9"><span class='ocrx_word' id='word_1_427' title='bbox 928 1834 974 1858; x_wconf 86' lang='lat' dir='ltr'>ne</span> <span class='ocrx_word' id='word_1_428' title='bbox 1006 1824 1088 1867; x_wconf 77' lang='lat' dir='ltr'>quis</span> <span class='ocrx_word' id='word_1_429' title='bbox 1125 1823 1287 1858; x_wconf 84' lang='lat' dir='ltr'>occultus</span> <span class='ocrx_word' id='word_1_430' title='bbox 1322 1823 1479 1856; x_wconf 83' lang='lat' dir='ltr'>nuntius</span> <span class='ocrx_word' id='word_1_431' title='bbox 1510 1821 1689 1856; x_wconf 79' lang='lat' dir='ltr'>venientis</span> 
     </span>
     <span class='ocr_line' id='line_1_73' title="bbox 929 1868 1689 1915; baseline -0.004 -10"><span class='ocrx_word' id='word_1_432' title='bbox 929 1871 1069 1906; x_wconf 69' lang='lat' dir='ltr'>auaeilii</span> <span class='ocrx_word' id='word_1_433' title='bbox 1094 1873 1320 1915; x_wconf 73' lang='lat' dir='ltr'>penetraret,</span> <span class='ocrx_word' id='word_1_434' title='bbox 1355 1869 1399 1904; x_wconf 89' lang='lat' dir='ltr'>A.</span> <span class='ocrx_word' id='word_1_435' title='bbox 1426 1868 1460 1912; x_wconf 92' lang='lat' dir='ltr'>I,</span> <span class='ocrx_word' id='word_1_436' title='bbox 1488 1873 1507 1902; x_wconf 82' lang='lat'>5</span> <span class='ocrx_word' id='word_1_437' title='bbox 1541 1869 1689 1902; x_wconf 84' lang='lat' dir='ltr'>acribus</span> 
     </span>
     <span class='ocr_line' id='line_1_74' title="bbox 929 1917 1689 1960; baseline -0.003 -8"><span class='ocrx_word' id='word_1_438' title='bbox 929 1918 1105 1953; x_wconf 81' lang='lat' dir='ltr'>custodiis</span> <span class='ocrx_word' id='word_1_439' title='bbox 1144 1918 1289 1952; x_wconf 84' lang='lat' dir='ltr'>domum</span> <span class='ocrx_word' id='word_1_440' title='bbox 1327 1920 1359 1950; x_wconf 89' lang='lat' dir='ltr'>et</span> <span class='ocrx_word' id='word_1_441' title='bbox 1391 1917 1472 1951; x_wconf 84' lang='lat' dir='ltr'>vias</span> <span class='ocrx_word' id='word_1_442' title='bbox 1503 1919 1689 1960; x_wconf 75' lang='lat' dir='ltr'>saepserat</span> 
     </span>
     <span class='ocr_line' id='line_1_75' title="bbox 929 1963 1685 2007; baseline 0 -8"><span class='ocrx_word' id='word_1_443' title='bbox 929 1966 1062 2007; x_wconf 82' lang='lat' dir='ltr'>Livia;</span> <span class='ocrx_word' id='word_1_444' title='bbox 1090 1964 1169 2000; x_wconf 72' lang='lat' dir='ltr'>Liv.</span> <span class='ocrx_word' id='word_1_445' title='bbox 1197 1963 1303 2007; x_wconf 82' lang='lat' dir='ltr'>XXI,</span> <span class='ocrx_word' id='word_1_446' title='bbox 1331 1968 1373 2006; x_wconf 92' lang='lat'>4,</span> <span class='ocrx_word' id='word_1_447' title='bbox 1402 1968 1420 1998; x_wconf 94' lang='lat'><strong>7</strong></span> <span class='ocrx_word' id='word_1_448' title='bbox 1448 1964 1545 1998; x_wconf 78' lang='lat' dir='ltr'>inter</span> <span class='ocrx_word' id='word_1_449' title='bbox 1571 1967 1685 1999; x_wconf 83' lang='lat' dir='ltr'>custo-</span> 
     </span>
     <span class='ocr_line' id='line_1_76' title="bbox 930 2011 1690 2057; baseline -0.004 -9"><span class='ocrx_word' id='word_1_450' title='bbox 930 2014 1014 2048; x_wconf 84' lang='lat' dir='ltr'>dias</span> <span class='ocrx_word' id='word_1_451' title='bbox 1027 2013 1270 2057; x_wconf 76' lang='lat' dir='ltr'>stationesque</span> <span class='ocrx_word' id='word_1_452' title='bbox 1284 2012 1458 2053; x_wconf 68' lang='lat' dir='ltr'>militum,</span> <span class='ocrx_word' id='word_1_453' title='bbox 1474 2011 1590 2054; x_wconf 89' lang='lat' dir='ltr'>XXV,</span> <span class='ocrx_word' id='word_1_454' title='bbox 1602 2015 1659 2053; x_wconf 72' lang='lat'>24,</span> <span class='ocrx_word' id='word_1_455' title='bbox 1668 2015 1690 2045; x_wconf 88' lang='lat'>4</span> 
     </span>
     <span class='ocr_line' id='line_1_77' title="bbox 930 2059 1691 2105; baseline -0.003 -10"><span class='ocrx_word' id='word_1_456' title='bbox 930 2061 979 2095; x_wconf 90' lang='lat' dir='ltr'>ad</span> <span class='ocrx_word' id='word_1_457' title='bbox 1018 2060 1204 2105; x_wconf 77' lang='lat' dir='ltr'>Epipolas</span> <span class='ocrx_word' id='word_1_458' title='bbox 1248 2061 1471 2104; x_wconf 74' lang='lat' dir='ltr'>frequentem</span> <span class='ocrx_word' id='word_1_459' title='bbox 1514 2059 1691 2094; x_wconf 80' lang='lat' dir='ltr'>custodiis</span> 
     </span>
     <span class='ocr_line' id='line_1_78' title="bbox 930 2106 1689 2152; baseline -0.004 -9"><span class='ocrx_word' id='word_1_460' title='bbox 930 2109 1047 2143; x_wconf 86' lang='lat' dir='ltr'>locum</span> <span class='ocrx_word' id='word_1_461' title='bbox 1061 2112 1276 2152; x_wconf 83' lang='lat' dir='ltr'>perventum</span> <span class='ocrx_word' id='word_1_462' title='bbox 1297 2110 1392 2149; x_wconf 69' lang='lat' dir='ltr'>erat,</span> <span class='ocrx_word' id='word_1_463' title='bbox 1419 2106 1571 2150; x_wconf 88' lang='lat' dir='ltr'>XXVII,</span> <span class='ocrx_word' id='word_1_464' title='bbox 1594 2109 1651 2150; x_wconf 78' lang='lat'>28,</span> <span class='ocrx_word' id='word_1_465' title='bbox 1669 2110 1689 2141; x_wconf 86' lang='lat'>8</span> 
     </span>
     <span class='ocr_line' id='line_1_79' title="bbox 930 2156 1690 2200; baseline -0.001 -10"><span class='ocrx_word' id='word_1_466' title='bbox 930 2156 1116 2191; x_wconf 83' lang='lat' dir='ltr'>custodias</span> <span class='ocrx_word' id='word_1_467' title='bbox 1141 2156 1359 2200; x_wconf 74' lang='lat' dir='ltr'>viyilz&#39;asque</span> <span class='ocrx_word' id='word_1_468' title='bbox 1384 2156 1427 2189; x_wconf 87' lang='lat' dir='ltr'>in</span> <span class='ocrx_word' id='word_1_469' title='bbox 1452 2166 1530 2190; x_wconf 82' lang='lat' dir='ltr'>eam</span> <span class='ocrx_word' id='word_1_470' title='bbox 1550 2158 1690 2189; x_wconf 86' lang='lat' dir='ltr'>noctem</span> 
     </span>
     <span class='ocr_line' id='line_1_80' title="bbox 929 2204 1340 2239; baseline -0.002 0"><span class='ocrx_word' id='word_1_471' title='bbox 929 2205 1110 2239; x_wconf 83' lang='lat' dir='ltr'>intentius</span> <span class='ocrx_word' id='word_1_472' title='bbox 1135 2204 1340 2238; x_wconf 82' lang='lat' dir='ltr'>instruunt.</span> 
     </span>
    </p>

    <p class='ocr_par' dir='ltr' id='par_1_22' title="bbox 931 2248 1690 2388">
     <span class='ocr_line' id='line_1_81' title="bbox 979 2248 1690 2293; baseline -0.006 -7"><span class='ocrx_word' id='word_1_473' title='bbox 979 2252 1075 2286; x_wconf 86' lang='lat' dir='ltr'>elabi</span> <span class='ocrx_word' id='word_1_474' title='bbox 1100 2251 1170 2285; x_wconf 77' lang='lat' dir='ltr'>mit</span> <span class='ocrx_word' id='word_1_475' title='bbox 1196 2250 1283 2285; x_wconf 84' lang='lat' dir='ltr'>dem</span> <span class='ocrx_word' id='word_1_476' title='bbox 1310 2249 1395 2285; x_wconf 87' lang='lat' dir='ltr'>Acc.</span> <span class='ocrx_word' id='word_1_477' title='bbox 1423 2249 1493 2284; x_wconf 84' lang='lat' dir='ltr'>wie</span> <span class='ocrx_word' id='word_1_478' title='bbox 1520 2250 1561 2283; x_wconf 89' lang='lat' dir='ltr'>A.</span> <span class='ocrx_word' id='word_1_479' title='bbox 1584 2248 1611 2293; x_wconf 90' lang='grc' dir='ltr'>Ι,</span> <span class='ocrx_word' id='word_1_480' title='bbox 1633 2253 1690 2283; x_wconf 88' lang='grc'>61.</span> 
     </span>
     <span class='ocr_line' id='line_1_82' title="bbox 932 2297 1690 2343; baseline -0.003 -10"><span class='ocrx_word' id='word_1_481' title='bbox 932 2299 994 2343; x_wconf 77' lang='lat' dir='ltr'>IV,</span> <span class='ocrx_word' id='word_1_482' title='bbox 1030 2303 1093 2341; x_wconf 76' lang='lat'>643</span> <span class='ocrx_word' id='word_1_483' title='bbox 1132 2299 1201 2333; x_wconf 79' lang='lat' dir='ltr'>mit</span> <span class='ocrx_word' id='word_1_484' title='bbox 1234 2298 1318 2331; x_wconf 83' lang='lat' dir='ltr'>dem</span> <span class='ocrx_word' id='word_1_485' title='bbox 1352 2297 1436 2332; x_wconf 76' lang='lat' dir='ltr'>Dat.</span> <span class='ocrx_word' id='word_1_486' title='bbox 1471 2298 1514 2332; x_wconf 92' lang='lat' dir='ltr'>A.</span> <span class='ocrx_word' id='word_1_487' title='bbox 1547 2297 1594 2339; x_wconf 77' lang='lat' dir='ltr'>V,</span> <span class='ocrx_word' id='word_1_488' title='bbox 1629 2300 1690 2338; x_wconf 89' lang='lat'>10;</span> 
     </span>
     <span class='ocr_line' id='line_1_83' title="bbox 931 2344 1689 2388; baseline -0.004 -7"><span class='ocrx_word' id='word_1_489' title='bbox 931 2347 992 2382; x_wconf 90' lang='lat' dir='ltr'>bei</span> <span class='ocrx_word' id='word_1_490' title='bbox 1016 2345 1088 2381; x_wconf 88' lang='lat' dir='ltr'>Cic.</span> <span class='ocrx_word' id='word_1_491' title='bbox 1111 2346 1181 2380; x_wconf 84' lang='lat' dir='ltr'>mit</span> <span class='ocrx_word' id='word_1_492' title='bbox 1208 2357 1251 2380; x_wconf 75' lang='lat' dir='ltr'>eoe</span> <span class='ocrx_word' id='word_1_493' title='bbox 1276 2346 1345 2388; x_wconf 89' lang='lat' dir='ltr'>(de)</span> <span class='ocrx_word' id='word_1_494' title='bbox 1375 2344 1466 2379; x_wconf 87' lang='lat' dir='ltr'>oder</span> <span class='ocrx_word' id='word_1_495' title='bbox 1492 2344 1575 2379; x_wconf 87' lang='lat' dir='ltr'>dem</span> <span class='ocrx_word' id='word_1_496' title='bbox 1605 2344 1689 2378; x_wconf 91' lang='lat' dir='ltr'>Abl.</span> 
     </span>
    </p>

    <p class='ocr_par' dir='ltr' id='par_1_23' title="bbox 932 2391 1693 2667">
     <span class='ocr_line' id='line_1_84' title="bbox 982 2391 1690 2437; baseline -0.003 -9"><span class='ocrx_word' id='word_1_497' title='bbox 982 2398 1037 2429; x_wconf 79' lang='lat'>12.</span> <span class='ocrx_word' id='word_1_498' title='bbox 1071 2393 1234 2428; x_wconf 69' lang='lat' dir='ltr'>Flavius</span> <span class='ocrx_word' id='word_1_499' title='bbox 1261 2392 1444 2435; x_wconf 81' lang='lat' dir='ltr'>Sabinus,</span> <span class='ocrx_word' id='word_1_500' title='bbox 1479 2391 1690 2437; x_wconf 84' lang='lat' dir='ltr'>praefectus</span> 
     </span>
     <span class='ocr_line' id='line_1_85' title="bbox 932 2439 1690 2476; baseline -0.004 0"><span class='ocrx_word' id='word_1_501' title='bbox 932 2442 1018 2476; x_wconf 87' lang='lat' dir='ltr'>urbi</span> <span class='ocrx_word' id='word_1_502' title='bbox 1049 2441 1148 2476; x_wconf 82' lang='lat' dir='ltr'>nach</span> <span class='ocrx_word' id='word_1_503' title='bbox 1175 2440 1313 2475; x_wconf 80' lang='lat' dir='ltr'>Galbas</span> <span class='ocrx_word' id='word_1_504' title='bbox 1348 2440 1454 2474; x_wconf 83' lang='lat' dir='ltr'>Sturz</span> <span class='ocrx_word' id='word_1_505' title='bbox 1486 2440 1603 2474; x_wconf 87' lang='lat' dir='ltr'>durch</span> <span class='ocrx_word' id='word_1_506' title='bbox 1631 2439 1690 2474; x_wconf 89' lang='lat' dir='ltr'>die</span> 
     </span>
     <span class='ocr_line' id='line_1_86' title="bbox 932 2486 1692 2524; baseline -0.004 0"><span class='ocrx_word' id='word_1_507' title='bbox 932 2489 1048 2524; x_wconf 83' lang='lat' dir='ltr'>Wahl</span> <span class='ocrx_word' id='word_1_508' title='bbox 1070 2489 1135 2523; x_wconf 88' lang='lat' dir='ltr'>der</span> <span class='ocrx_word' id='word_1_509' title='bbox 1156 2487 1432 2522; x_wconf 84' lang='lat' dir='ltr'>menterischen</span> <span class='ocrx_word' id='word_1_510' title='bbox 1452 2486 1692 2522; x_wconf 62' lang='lat' dir='ltr'>Pratorianer</span> 
     </span>
     <span class='ocr_line' id='line_1_87' title="bbox 934 2534 1691 2581; baseline -0.001 -11"><span class='ocrx_word' id='word_1_511' title='bbox 934 2537 976 2581; x_wconf 86' lang='grc' dir='ltr'>(Ι,</span> <span class='ocrx_word' id='word_1_512' title='bbox 996 2538 1069 2581; x_wconf 87' lang='grc'>46),</span> <span class='ocrx_word' id='word_1_513' title='bbox 1090 2547 1167 2571; x_wconf 83' lang='lat' dir='ltr'>war</span> <span class='ocrx_word' id='word_1_514' title='bbox 1188 2535 1254 2569; x_wconf 90' lang='lat' dir='ltr'>der</span> <span class='ocrx_word' id='word_1_515' title='bbox 1274 2534 1417 2569; x_wconf 89' lang='lat' dir='ltr'>Bruder</span> <span class='ocrx_word' id='word_1_516' title='bbox 1448 2535 1512 2578; x_wconf 85' lang='lat' dir='ltr'>des</span> <span class='ocrx_word' id='word_1_517' title='bbox 1538 2534 1691 2569; x_wconf 76' lang='lat' dir='ltr'>Flavius</span> 
     </span>
     <span class='ocr_line' id='line_1_88' title="bbox 934 2582 1693 2630; baseline -0.004 -11"><span class='ocrx_word' id='word_1_518' title='bbox 934 2584 1207 2630; x_wconf 80' lang='lat' dir='ltr'>Vespasianus,</span> <span class='ocrx_word' id='word_1_519' title='bbox 1246 2582 1410 2617; x_wconf 84' lang='lat' dir='ltr'>Flavius</span> <span class='ocrx_word' id='word_1_520' title='bbox 1449 2582 1693 2618; x_wconf 86' lang='lat' dir='ltr'>Domitianus</span> 
     </span>
     <span class='ocr_line' id='line_1_89' title="bbox 937 2630 1384 2667; baseline -0.007 0"><span class='ocrx_word' id='word_1_521' title='bbox 937 2631 1068 2667; x_wconf 82' lang='lat' dir='ltr'>dessen</span> <span class='ocrx_word' id='word_1_522' title='bbox 1094 2630 1244 2666; x_wconf 86' lang='lat' dir='ltr'>zweiter</span> <span class='ocrx_word' id='word_1_523' title='bbox 1272 2630 1384 2665; x_wconf 89' lang='lat' dir='ltr'>Sohn.</span> 
     </span>
    </p>

    <p class='ocr_par' dir='ltr' id='par_1_24' title="bbox 986 2678 1593 2724">
     <span class='ocr_line' id='line_1_90' title="bbox 986 2678 1593 2724; baseline -0.003 -10"><span class='ocrx_word' id='word_1_524' title='bbox 986 2684 1041 2715; x_wconf 87' lang='lat'>13.</span> <span class='ocrx_word' id='word_1_525' title='bbox 1069 2678 1260 2724; x_wconf 77' lang='lat' dir='ltr'>effuyium]</span> <span class='ocrx_word' id='word_1_526' title='bbox 1289 2690 1316 2713; x_wconf 87' lang='lat' dir='ltr'>s.</span> <span class='ocrx_word' id='word_1_527' title='bbox 1344 2690 1389 2712; x_wconf 88' lang='lat' dir='ltr'>zu</span> <span class='ocrx_word' id='word_1_528' title='bbox 1415 2678 1448 2721; x_wconf 86' lang='lat' dir='ltr'>I,</span> <span class='ocrx_word' id='word_1_529' title='bbox 1475 2681 1534 2720; x_wconf 89' lang='lat'>43,</span> <span class='ocrx_word' id='word_1_530' title='bbox 1561 2681 1593 2712; x_wconf 84' lang='lat'>5.</span> 
     </span>
    </p>

    <p class='ocr_par' dir='ltr' id='par_1_25' title="bbox 939 2724 1695 2912">
     <span class='ocr_line' id='line_1_91' title="bbox 988 2724 1689 2771; baseline -0.004 -10"><span class='ocrx_word' id='word_1_531' title='bbox 988 2731 1042 2762; x_wconf 86' lang='lat'>14.</span> <span class='ocrx_word' id='word_1_532' title='bbox 1091 2738 1157 2771; x_wconf 85' lang='lat' dir='ltr'>per</span> <span class='ocrx_word' id='word_1_533' title='bbox 1200 2726 1327 2760; x_wconf 83' lang='lat' dir='ltr'>varias</span> <span class='ocrx_word' id='word_1_534' title='bbox 1376 2725 1534 2768; x_wconf 84' lang='lat' dir='ltr'>fallendi</span> <span class='ocrx_word' id='word_1_535' title='bbox 1577 2724 1689 2770; x_wconf 80' lang='lat' dir='ltr'>artes]</span> 
     </span>
     <span class='ocr_line' id='line_1_92' title="bbox 941 2771 1694 2817; baseline -0.005 -8"><span class='ocrx_word' id='word_1_536' title='bbox 941 2774 1076 2809; x_wconf 85' lang='lat' dir='ltr'>‘durch</span> <span class='ocrx_word' id='word_1_537' title='bbox 1112 2771 1376 2817; x_wconf 80' lang='lat' dir='ltr'>mannigfache</span> <span class='ocrx_word' id='word_1_538' title='bbox 1414 2771 1540 2806; x_wconf 76' lang='lat' dir='ltr'>Mittel</span> <span class='ocrx_word' id='word_1_539' title='bbox 1577 2772 1694 2806; x_wconf 84' lang='lat' dir='ltr'>unbe-</span> 
     </span>
     <span class='ocr_line' id='line_1_93' title="bbox 939 2819 1695 2863; baseline -0.005 -6"><span class='ocrx_word' id='word_1_540' title='bbox 939 2822 1064 2857; x_wconf 82' lang='lat' dir='ltr'>merkt</span> <span class='ocrx_word' id='word_1_541' title='bbox 1091 2834 1135 2856; x_wconf 90' lang='lat' dir='ltr'>zu</span> <span class='ocrx_word' id='word_1_542' title='bbox 1161 2820 1341 2863; x_wconf 81' lang='lat' dir='ltr'>bleiben’,</span> <span class='ocrx_word' id='word_1_543' title='bbox 1363 2820 1429 2854; x_wconf 88' lang='lat' dir='ltr'>der</span> <span class='ocrx_word' id='word_1_544' title='bbox 1450 2819 1569 2854; x_wconf 84' lang='lat' dir='ltr'>Sache</span> <span class='ocrx_word' id='word_1_545' title='bbox 1595 2819 1695 2853; x_wconf 84' lang='lat' dir='ltr'>nach</span> 
     </span>
     <span class='ocr_line' id='line_1_94' title="bbox 941 2866 1692 2912; baseline -0.004 -9"><span class='ocrx_word' id='word_1_546' title='bbox 941 2881 1011 2905; x_wconf 82' lang='lat' dir='ltr'>s.v.</span> <span class='ocrx_word' id='word_1_547' title='bbox 1022 2881 1054 2905; x_wconf 78' lang='lat' dir='ltr'>a..</span> <span class='ocrx_word' id='word_1_548' title='bbox 1067 2869 1192 2903; x_wconf 80' lang='lat' dir='ltr'>‘unter</span> <span class='ocrx_word' id='word_1_549' title='bbox 1200 2867 1346 2902; x_wconf 78' lang='lat' dir='ltr'>allerlei</span> <span class='ocrx_word' id='word_1_550' title='bbox 1356 2866 1692 2912; x_wconf 81' lang='lat' dir='ltr'>Verkleidungen&#39;.</span> 
     </span>
    </p>

    <p class='ocr_par' dir='ltr' id='par_1_26' title="bbox 989 2914 1588 2962">
     <span class='ocr_line' id='line_1_95' title="bbox 989 2914 1588 2962; baseline -0.005 -10"><span class='ocrx_word' id='word_1_551' title='bbox 989 2916 1123 2962; x_wconf 87' lang='lat' dir='ltr'>locum]</span> <span class='ocrx_word' id='word_1_552' title='bbox 1150 2914 1209 2950; x_wconf 73' lang='lat' dir='ltr'>fiir</span> <span class='ocrx_word' id='word_1_553' title='bbox 1236 2916 1351 2950; x_wconf 85' lang='lat' dir='ltr'>locum</span> <span class='ocrx_word' id='word_1_554' title='bbox 1377 2915 1588 2960; x_wconf 73' lang='lat' dir='ltr'>effuyiendi.</span> 
     </span>
    </p>
   </div>
   <div class='ocr_carea' id='block_1_7' title="bbox 1706 773 1740 798">
    <p class='ocr_par' dir='ltr' id='par_1_27' title="bbox 1706 773 1740 798">
     <span class='ocr_line' id='line_1_96' title="bbox 1706 773 1740 798; baseline 0 0"><span class='ocrx_word' id='word_1_555' title='bbox 1706 773 1740 798; x_wconf 81' lang='lat'>10</span> 
     </span>
    </p>
   </div>
  </div>
 </body>
</html>
