1859 3182
215 82 270 124 80

735 81 897 117 TACITI
922 81 1262 118 HISTORIARUM

212 193 274 231 dio
309 193 542 231 Tarracinae
576 192 821 243 imminebat,
861 192 1003 231 clausis
1035 192 1113 231 illic
1146 191 1429 244 gladiatoribus
1462 193 1770 247 remigibusque,

212 254 279 303 qui
312 264 388 290 non
423 251 556 302 egredi
582 253 734 290 moenia
767 264 895 302 neque
927 251 1147 302 periculum
1181 253 1221 290 in
1254 257 1389 301 aperto
1417 251 1625 291 audebant.
1664 265 1773 303 prae-

213 316 313 361 erat,
343 316 385 349 ut
411 323 528 361 supra
555 311 876 361 memoravimus,
909 310 1082 349 Iulianus
1114 309 1415 362 gladiatoribus,
1447 310 1684 361 Apollinaris
1710 324 1772 350 re-

211 369 398 421 migibus,
431 369 587 408 lascivia
615 369 873 420 socordiaque
899 369 1158 420 gladiatorum
1192 370 1314 420 magis
1348 381 1463 420 quam
1496 369 1642 408 ducum
1669 371 1774 409 simi—

210 428 276 466 les.
322 441 400 466 non
432 428 583 479 vigilias
615 441 748 480 agere,
780 440 858 466 non
891 429 1017 467 intuta
1043 429 1242 467 moenium
1269 428 1443 470 firmare:
1475 433 1596 467 noctu
1628 428 1774 480 diuque

209 486 304 525 fluxi
337 493 376 526 et
407 500 568 526 amoena
601 487 762 525 litorum
794 492 1070 539 personantes,
1104 489 1144 525 in
1178 488 1440 525 ministerium
1474 486 1589 525 luxus
1623 487 1771 538 disper-

210 547 263 584 sis
295 546 503 598 militibus,
543 546 590 584 de
630 545 730 584 bello
764 551 916 585 tantum
954 548 1058 585 inter
1097 547 1272 585 convivia
1304 545 1578 597 loquebantur.
1626 558 1773 597 paucos

209 610 298 643 ante
332 605 415 644 dies
448 606 685 644 discesserat
717 605 881 656 Apinius
911 605 1003 644 Tiro
1037 605 1229 656 donisque
1257 617 1300 643 ac
1327 606 1507 656 pecuniis
1534 604 1674 644 acerbe
1701 618 1771 657 per

209 665 422 715 municipia
450 664 732 715 conquirendis
758 663 847 715 plus
872 665 1040 703 invidiae
1069 676 1184 715 quam
1212 665 1354 702 virium
1386 662 1566 714 partibus
1592 663 1771 704 addebat.

328 723 489 762 Interim
518 724 563 762 ad
591 723 631 762 L.
659 723 858 762 Vitellium
885 735 1022 762 servus
1049 723 1224 774 Verginii
1251 722 1453 773 Capitonis
1485 722 1659 774 perfugit
1692 723 1772 774 pol-

209 781 437 835 licitusque,
465 784 498 821 si
524 783 766 834 praesidium
787 783 1001 835 acciperet,
1028 794 1189 821 vacuam
1216 794 1347 820 arcem
1373 782 1624 833 traditurum,
1651 781 1773 821 multa

209 847 323 880 nocte
358 842 541 880 cohortes
580 841 782 892 expeditas
821 843 985 880 summis
1023 842 1215 879 montium
1256 842 1358 892 iugis
1398 852 1518 891 super
1556 846 1674 891 caput
1704 840 1772 880 ho-

209 901 328 938 stium
363 902 476 938 sistit.
528 900 618 938 inde
651 900 764 939 miles
797 900 843 939 ad
877 901 1036 939 caedem
1069 901 1192 950 magis
1219 912 1335 951 quam
1362 899 1409 938 ad
1437 911 1607 951 pugnam
1635 900 1773 939 decur-

173 970 185 985 Γ
209 960 279 997 rit:
320 964 502 998 sternunt
543 961 717 997 inermos
757 964 823 998 aut
862 972 969 998 arma
1002 961 1202 1010 capientes
1241 964 1279 997 et
1312 958 1502 1009 quosdam
1538 970 1675 996 somno
1709 971 1772 997 ex-

208 1019 332 1069 citos,
362 1031 451 1056 cum
486 1018 660 1056 tenebris
694 1030 854 1071 pavore,
888 1020 1018 1057 sonitu
1052 1017 1237 1057 tubarum
1270 1017 1439 1056 clamore
1472 1017 1606 1056 hostili
1639 1017 1770 1056 turba-

206 1082 356 1116 rentur.
402 1078 518 1128 pauci
550 1077 809 1127 gladiatorum
843 1079 1073 1116 resistentes
1106 1089 1235 1128 neque
1268 1076 1384 1115 inulti
1417 1076 1613 1128 cecidere,
1650 1077 1773 1115 ceteri

208 1136 254 1174 ad
289 1148 405 1174 naves
445 1135 630 1188 ruebant,
674 1136 743 1175 ubi
782 1141 922 1175 cuncta
955 1137 1040 1187 pari
1080 1135 1288 1174 formidine
1326 1134 1646 1187 implicabantur,
1685 1147 1772 1186 per-

206 1195 338 1233 mixtis
380 1197 558 1246 paganis,
598 1207 696 1246 quos
735 1195 841 1234 nullo
881 1195 1108 1234 discrimine
1148 1194 1341 1232 Vitelliani
1380 1193 1641 1233 trucidabant.

1704 1206 1772 1233 SeX

206 1253 442 1293 Liburnicae
481 1256 585 1292 inter
630 1255 803 1305 primum
842 1254 1053 1293 tumultum
1107 1265 1284 1305 evasere,
1337 1255 1376 1291 in
1418 1254 1507 1304 quis
1544 1253 1770 1307 praefectus
1808 1279 1812 1283 μ

253 1396 285 1426 3.
313 1393 354 1426 iri
380 1391 519 1437 aperto]
547 1391 617 1426 wie
638 1391 718 1426 Liv.
741 1390 855 1434 XXII,
877 1395 909 1433 4,
931 1395 950 1425 3

205 1443 325 1473 castra
364 1440 405 1473 in
440 1441 564 1483 aperto
597 1439 705 1480 loeat;
748 1450 776 1473 e.
811 1442 873 1481 46,
909 1442 951 1472 10

205 1487 324 1530 eyrecli
340 1487 460 1531 portis
480 1489 512 1520 et
532 1489 652 1521 eastra
667 1489 750 1519 ante
766 1486 889 1520 urbem
910 1486 951 1519 in

206 1537 330 1577 aperto
351 1533 577 1568 communire.
607 1532 749 1567 Anders
771 1544 799 1567 c.
822 1536 878 1577 56,
897 1536 948 1567 12.

252 1584 283 1614 4.
310 1580 439 1625 supra]
469 1591 497 1614 e.
526 1583 580 1614 57.
838 1615 843 1621 ,

252 1632 283 1662 5.
311 1627 492 1673 socordia]
521 1639 546 1662 s.
574 1638 617 1660 zu
645 1638 673 1662 c.
701 1629 758 1670 46,
788 1630 817 1662 1.

253 1679 283 1709 6.
312 1675 460 1719 viyilias
486 1685 588 1718 ayere
612 1674 687 1708 ‘die
708 1673 949 1709 Nachtrunde

203 1723 361 1756 macheu
388 1721 535 1756 lassen’.

251 1770 374 1804 intuta
399 1768 596 1814 moenium]
633 1768 702 1802 wie
729 1778 880 1803 amoena
906 1769 948 1803 li-

203 1819 337 1858 torum3
373 1829 399 1850 s.
437 1829 479 1850 zu
506 1816 538 1860 I,
575 1819 637 1859 85,
667 1819 720 1850 10.
772 1815 948 1861 Draeger,

205 1863 308 1908 Synt.
337 1866 356 1905 ξ
384 1867 440 1906 66,
467 1862 501 1897 b.

250 1914 359 1945 uoctu
387 1910 535 1955 diuque]
563 1910 631 1944 wie
659 1910 702 1954 II,
731 1914 762 1953 5,
790 1914 822 1944 2.
859 1909 946 1944 Sall.

203 1958 289 1992 hist.
300 1957 332 1991 II
346 1957 389 1992 fr.
400 1962 460 1999 623
476 1959 542 1992 eliu
555 1961 731 2002 rnoctuque
745 1958 787 1991 A.
797 1957 876 2002 XV,
893 1961 946 1993 1‘2.

205 2005 293 2039 Sall.
320 2005 397 2049 Ing.
425 2008 481 2039 38.
510 2008 565 2039 44.

252 2051 948 2097 [fluxi]‘umherschwiirmend,ausser

203 2098 309 2134 Rand
337 2100 411 2133 und
438 2099 572 2134 Band’.

245 2148 457 2191 personare]
496 2146 680 2190 transitiv,
715 2146 799 2180 ‘mit
837 2146 946 2181 Larm

203 2193 389 2228 erfiillen'.
440 2193 522 2238 Vgl.
551 2194 660 2237 Verg.
683 2192 773 2228 Aen.
795 2193 855 2236 VI,
880 2197 944 2228 171

201 2241 294 2284 forte
332 2252 422 2276 cara
460 2242 546 2276 dum
579 2244 752 2284 personat
789 2251 947 2284 aequora

202 2289 353 2331 conchem
375 2301 407 2323 v.
430 2292 496 2323 417
521 2287 694 2322 Cerberus
716 2288 800 2322 haec
820 2289 947 2333 inyerzs

202 2336 341 2370 latratu
366 2347 479 2380 rcyna
504 2336 657 2378 trifauci
677 2338 861 2379 personat.

249 2384 290 2417 in
315 2382 575 2428 ministerium]
606 2382 670 2416 ‘im
699 2381 877 2423 Dienste’.

250 2433 281 2463 9.
308 2430 488 2475 Apinius]
517 2442 542 2464 s.
571 2441 599 2464 c.
628 2433 684 2464 57.

249 2478 386 2522 acerbe]
429 2477 514 2511 ‘mit
551 2477 696 2511 Harte'.
754 2476 837 2521 Vgl.
871 2476 944 2511 Cic.

203 2523 279 2559 Cat.
308 2524 357 2557 IV
385 2528 403 2565 ξ
438 2528 479 2558 10
513 2535 592 2559 cum
624 2525 665 2559 cle
692 2525 856 2569 pernicie
882 2535 944 2568 po-

196 2571 281 2615 puli
324 2571 502 2614 Romani,
546 2572 656 2606 exitio
700 2572 809 2606 huius
845 2572 946 2606 urbis

202 2621 275 2652 tam
295 2619 429 2660 acerbe,
456 2621 529 2653 tam
550 2619 740 2653 crudeliter
760 2619 945 2664 σοφίαν-ἴε,

201 2664 245 2698 H.
270 2665 331 2708 Ill,
350 2668 394 2699 83
417 2667 455 2699 in
476 2667 707 2701 acerbissima
726 2666 944 2710 captivitate.

252 2716 303 2746 10.
322 2713 546 2757 conquirere‘
560 2713 780 2748 beitreiben'
793 2728 800 2756 ;
815 2714 947 2748 addere

203 2759 408 2802 ‘zuftihrem
436 2759 680 2804 einbringen’.

250 2806 310 2841 77.
346 2811 376 2841 2.
413 2809 641 2851 praesidium
677 2806 969 2842 ‘Mannschaft’.

201 2854 279 2897 (zur
294 2853 500 2900 Besc‘tzung
522 2855 584 2889 der
600 2855 723 2899 Burg),
738 2854 807 2890 wie
822 2854 884 2898 IV,
900 2858 942 2890 56

1021 1391 1226 1435 pollicitus,
1270 1391 1304 1425 si
1343 1391 1569 1435 praesidium
1607 1391 1770 1435 daretur,

1025 1439 1163 1472 iturum
1202 1438 1242 1472 in
1280 1438 1461 1481 Batar033
1501 1437 1574 1472 Cic.
1607 1449 1642 1482 p.
1678 1437 1772 1473 Sest.

1025 1488 1044 1526 ἓ
1073 1488 1115 1519 78
1142 1495 1221 1519 cum
1242 1485 1431 1529 praesidio
1455 1494 1587 1530 maqno
1613 1483 1689 1518 und
1708 1485 1772 1529 qui

1023 1542 1059 1566 se
1090 1532 1278 1575 praesidio
1316 1532 1505 1575 munierit3
1549 1530 1644 1566 Phil.
1683 1531 1770 1569 VIII

1024 1582 1043 1620 ξ
1065 1583 1084 1614 6
1111 1580 1237 1614 consul
1261 1589 1296 1614 se
1318 1590 1399 1614 cum
1418 1579 1608 1624 praesidio
1627 1579 1768 1614 deseen-

1022 1636 1149 1661 surum
1174 1637 1245 1661 esse
1270 1627 1378 1661 dixit.
1429 1625 1513 1671 Vgl.
1541 1638 1585 1660 zu
1611 1637 1641 1662 c.
1663 1629 1719 1671 78,
1735 1630 1767 1662 9.

1071 1677 1102 1707 3.
1130 1673 1331 1719 expeditas]
1361 1674 1395 1708 d.
1422 1672 1447 1708 i.
1474 1672 1628 1708 sarcinis
1653 1673 1769 1718 impe-

1024 1720 1276 1765 dimentisque
1302 1720 1453 1755 relictis.

1069 1768 1218 1803 summis
1251 1779 1296 1803 m.
1323 1767 1437 1813 iuyis]
1482 1767 1566 1802 Wie
1593 1768 1658 1802 der
1682 1768 1766 1804 Abl.

1022 1815 1124 1850 modi
1156 1815 1257 1850 eines
1289 1814 1527 1849 Substantivs
1558 1815 1668 1850 nebst
1691 1815 1767 1850 Ad-

1018 1862 1141 1907 jektiv
1169 1862 1284 1897 sehon
1303 1861 1341 1896 in
1361 1862 1426 1897 der
1445 1862 1588 1897 alteren
1610 1862 1768 1907 Sprach-

1022 1909 1174 1954 periode
1218 1909 1277 1944 die
1323 1909 1437 1944 Stelle
1482 1909 1546 1944 des
1590 1910 1765 1945 modalen

1022 1968 1102 1991 cum
1140 1956 1309 2001 vertritt,
1358 1967 1398 1991 so
1436 1956 1552 1991 findet
1589 1956 1667 1992 sich
1706 1957 1767 1992 bei

1021 2003 1105 2039 Tac.
1134 2003 1248 2039 ofters
1276 2005 1335 2039 ein
1355 2004 1439 2038 Abl.
1460 2004 1532 2039 loci
1553 2003 1623 2039 mit
1641 2004 1762 2039 einem

1020 2051 1188 2086 Attribut
1207 2052 1301 2086 statt
1313 2052 1355 2086 iri
1367 2051 1422 2086 als
1435 2050 1676 2096 Entlehnung
1698 2061 1764 2086 aus

1021 2098 1086 2133 der
1117 2098 1445 2143 Dichtersprache,
1479 2098 1638 2133 seltener
1669 2099 1766 2134 ohne

1021 2146 1079 2181 ein
1105 2145 1285 2180 Attribut.

1067 2196 1099 2226 4.
1126 2193 1210 2227 incle
1229 2193 1329 2227 miles
1348 2194 1398 2228 acl
1417 2193 1558 2228 caedem
1575 2191 1662 2239 etc]
1691 2193 1764 2228 Der

1019 2240 1206 2274 namliche
1249 2239 1427 2275 Gedanke
1464 2239 1526 2284 IV,
1560 2244 1603 2275 33
1642 2241 1765 2276 caedes

1019 2288 1123 2329 inde,
1150 2298 1224 2322 ozon
1244 2288 1435 2331 proelium.
1486 2287 1570 2331 Vgl.
1596 2289 1692 2322 noch
1719 2288 1762 2322 A.

1018 2334 1087 2378 ΙΙΙ,
1121 2338 1164 2369 39
1200 2345 1311 2379 neque
1341 2336 1453 2370 aciem
1485 2338 1550 2370 aut
1581 2335 1763 2379 proelium

1019 2383 1094 2417 dici
1125 2383 1301 2425 decuerit,
1339 2383 1381 2417 in
1413 2392 1483 2428 quo
1512 2383 1690 2417 semiermi
1720 2392 1763 2418 ac

1013 2430 1184 2474 palantes
1215 2430 1393 2465 trucidati
1422 2432 1509 2465 sunt
1538 2430 1615 2464 sirie
1639 2432 1763 2465 rzostro

1018 2477 1207 2521 sanquine.
1218 2476 1301 2521 Vgl.
1311 2477 1427 2511 noch:
1444 2476 1520 2511 ‘ein
1535 2476 1761 2512 Schlachten

1019 2525 1137 2567 ware,
1147 2523 1252 2558 nicht,
1260 2525 1340 2558 eine
1351 2523 1528 2559 Schlacht
1535 2536 1579 2558 zu
1586 2524 1761 2559 nennen'.

1068 2576 1099 2605 5.
1121 2571 1303 2617 sternunt]
1320 2571 1412 2606 statt
1424 2574 1675 2616 prosternunt,
1690 2571 1760 2606 wie

1019 2618 1104 2662 Agr.
1133 2622 1176 2652 36
1209 2619 1352 2662 stratis,
1386 2619 1450 2662 qui
1481 2619 1523 2653 iri
1553 2628 1665 2662 aequo
1697 2618 1760 2654 ad-

1017 2667 1202 2708 stiterunt,
1230 2665 1308 2700 Liv.
1335 2665 1475 2709 XXIII,
1501 2669 1556 2708 42,
1586 2669 1640 2701 12.

1066 2717 1096 2747 6.
1127 2713 1279 2747 tenebris
1304 2712 1388 2758 etc]
1416 2725 1442 2748 s.
1471 2724 1513 2747 zu
1539 2712 1574 2757 1,
1600 2717 1633 2757 3,
1660 2715 1692 2747 8.

1066 2764 1096 2794 8.
1124 2760 1188 2794 ubi
1216 2762 1347 2794 cuncta
1374 2787 1381 2794 .
1402 2787 1410 2795 .
1432 2786 1440 2794 .
1466 2760 1760 2806 inplicabantur]

1020 2807 1091 2842 ‘wo
1114 2807 1205 2841 alles
1227 2806 1378 2842 drunter
1397 2807 1472 2841 und
1492 2807 1627 2841 drflber
1639 2806 1760 2852 ging'.

1065 2854 1246 2898 {tpagsarii
1262 2853 1498 2898 ‘Civilisten’3
1514 2865 1540 2889 s.
1558 2865 1601 2888 zu
1616 2864 1644 2889 c.
1661 2857 1774 2898 43‚7.,
