1875 3214
557 116 703 151 LIBER
729 115 792 150 III.
846 114 948 151 CAP.
978 118 1129 150 10—12.
1636 112 1691 154 13

99 232 207 272 diam
240 231 456 282 inicerent,
490 228 645 279 orabat,
679 227 805 266 donec
839 227 1042 266 fatisceret
1076 226 1218 265 seditio
1246 232 1286 265 et
1313 232 1490 265 extremo
1518 227 1599 265 iam
1627 225 1691 264 die

102 304 173 334 sua
207 292 377 343 quisque
410 291 451 328 in
482 289 654 328 tentoria
693 286 977 326 dilaberentur.

1035 286 1240 338 profectus
1280 286 1417 325 eadem
1458 292 1574 326 nocte
1606 284 1690 324 Fla-

102 353 243 391 vianus
276 349 404 389 obviis
436 348 668 400 Vespasiani
700 346 828 386 literis
862 346 1086 385 discrimini
1119 352 1327 398 exemptus
1362 354 1433 385 est.

224 410 421 461 Legiones
467 407 575 447 velut
619 406 709 446 tabe
749 406 919 445 infectae
965 408 1162 458 Aponium
1213 406 1476 445 Saturninum
1528 406 1694 445 Moesici
1712 404 1763 445 11

99 471 308 510 exercitus
340 469 514 520 legatum
547 480 593 507 eo
627 467 803 506 atrocius
836 466 1146 520 adgrediuntur,
1179 466 1285 518 quod
1319 479 1398 505 non
1431 473 1475 506 ut
1502 468 1616 518 prius
1642 466 1689 505 la-

106 530 203 570 bore
238 535 277 568 et
310 541 430 581 opere
464 528 609 579 fessae,
643 527 711 566 sed
740 525 870 566 medio
901 526 980 565 dici
1007 532 1256 578 exarserant,
1295 526 1466 578 vulgatis
1499 526 1694 578 epistulis,

105 602 205 642 quas
234 589 476 628 Saturninus
509 587 555 626 ad
585 586 785 626 Vitellium
813 587 1024 638 scripsisse
1052 586 1302 626 credebatur.
1349 594 1393 625 ut
1420 586 1513 625 olim
1535 588 1695 626 virtutis

101 649 421 701 modestiaeque,
460 654 557 687 tunc
590 647 848 698 procacitatis
888 652 928 685 et
975 646 1217 698 petulantiae
1257 652 1460 686 certamen
1503 652 1605 699 erat,
1645 656 1731 686 ne5

102 711 238 749 minus
271 708 468 747 violenter
500 708 699 758 Aponium
733 719 851 758 quam
885 706 1116 745 Flavianum
1149 707 1196 746 ad
1231 706 1472 758 supplicium
1506 707 1696 758 deposce-

104 774 205 808 rent.
246 769 394 821 quippe
421 768 617 806 Moesicae
644 767 821 818 legiones
848 766 1022 805 adiutam
1050 779 1070 805 a
1098 779 1139 805 se
1161 766 1481 806 Pannonicorum
1503 767 1697 806 ultionem

106 829 349 880 referentes,
377 833 417 866 et
442 827 680 879 Pannonici,
713 826 822 865 velut
849 826 1152 866 absolverentur
1185 826 1355 865 aliorum
1384 827 1598 879 seditione,
1626 829 1696 866 ite-

107 901 197 928 rare
230 888 387 939 culpam
420 886 657 939 gaudebant.
708 888 748 925 in
776 886 932 938 hortos,
965 887 1005 925 in
1034 886 1180 938 quibus
1207 886 1490 926 devertebatur
1518 887 1696 926 Saturni-

106 960 200 1000 nus,
227 953 412 999 pergunt.
455 960 529 986 nec
556 952 634 986 tam
662 946 822 985 Primus
850 952 889 985 et
910 947 1141 998 Aponianus
1169 953 1208 986 et
1228 946 1421 998 Messalla,
1456 959 1696 999 quamquam
1719 956 1752 981 10

104 1009 215 1047 omni
246 1007 364 1046 modo
398 1008 494 1059 nisi,
522 1008 708 1058 eripuere
737 1005 999 1045 Saturninum
1033 1019 1152 1057 quam
1185 1006 1410 1046 obscuritas
1441 1007 1698 1059 latebrarum,

106 1067 255 1120 quibus
289 1066 566 1115 occulebatur,
609 1067 834 1105 vacantium
868 1066 969 1105 forte
997 1066 1230 1106 balnearum
1264 1067 1494 1106 fornacibus
1527 1067 1698 1106 abditus.

104 1140 197 1166 mox
231 1128 390 1166 omissis

430 1126 640 1165 lictoribus
680 1126 885 1165 Patavium
925 1128 1137 1165 concessit.

1202 1126 1386 1178 digressu
1426 1127 1699 1167 consularium

104 1188 175 1227 uni
207 1187 380 1226 Antonio
420 1187 478 1225 vis
519 1199 563 1225 ac
603 1191 780 1237 potestas
813 1187 853 1224 in
888 1192 1105 1238 utrumque
1139 1188 1360 1226 exercitum
1395 1188 1487 1236 fuit,
1522 1187 1698 1227 cedenti-

104 1247 180 1286 bus
220 1246 383 1297 collegis
416 1252 456 1285 et
488 1245 669 1285 obversis
701 1245 873 1285 militum
908 1246 1064 1285 studiis.

1128 1259 1202 1285 nec
1237 1247 1419 1299 deerant,
1461 1249 1529 1299 qui
1562 1248 1698 1287 crede·
1720 1256 1754 1282 15

105 1311 196 1345 rent
234 1312 446 1358 utramque
487 1305 726 1344 seditionem
766 1305 905 1345 fraude
938 1307 1101 1345 Antonii
1140 1312 1341 1359 coeptam,
1381 1313 1425 1346 ut
1452 1307 1561 1346 solus
1594 1307 1699 1346 bello

106 1366 322 1422 frueretur.

223 1424 279 1464 Ne
312 1426 353 1464 in
380 1424 529 1464 Vitellii
563 1425 723 1476 quidem
756 1424 940 1476 partibus
968 1427 1126 1478 quietae
1156 1433 1328 1466 mentes:
1362 1428 1592 1466 exitiosiore
1621 1427 1697 1466 dis·
1717 1426 1772 1468 12

103 1485 241 1525 cordia
279 1498 359 1524 non
406 1484 704 1536 suspicionibus
744 1484 868 1536 vulgi,
916 1486 984 1525 sed
1025 1486 1191 1537 perfidia
1232 1486 1380 1525 ducum
1420 1487 1699 1526 turbabantur.

110 1544 289 1585 Lucilius
334 1544 481 1584 Bassus
527 1544 666 1584 classis
712 1544 953 1584 Ravennatis
998 1547 1228 1598 praefectus
1274 1546 1481 1599 ambiguos
1527 1547 1701 1587 militum

157 1640 216 1671 23.
256 1640 413 1672 extremo
448 1636 523 1682 die]
565 1636 690 1671 Madv.
731 1640 750 1678 ἓ
783 1640 865 1671 311.

108 1683 262 1718 Schultz
276 1687 295 1726 ξ
311 1688 392 1720 305.
423 1683 601 1729 Heraeus,
616 1685 681 1719 lat.
695 1684 866 1729 Schuigr.

109 1735 131 1774 g
161 1736 247 1775 161,
275 1735 307 1766 s.

157 1783 215 1815 25.
230 1780 358 1815 obvius
371 1780 600 1825 ‘unterwegs
615 1779 867 1815 eintreffend'.

108 1827 162 1862 ΕΙ.
185 1828 313 1862 wurde
339 1837 407 1862 ans
433 1827 616 1873 Hoflager
643 1827 869 1872 Vespasians

108 1874 264 1909 berufen
302 1875 379 1910 und
418 1887 458 1911 so
492 1876 557 1910 der
588 1875 870 1920 Lebensgefahr

107 1923 310 1959 enthoben.

110 1985 113 1987 “
158 1970 222 2005 11.
245 1974 276 2006 1.
298 1971 380 2006 tabe
398 1971 573 2016 infectae]
596 1982 623 2005 s.
646 1983 690 2004 zu
711 1970 737 2014 Ι,
760 1974 865 2014 26,1.

159 2021 192 2052 2.
219 2018 382 2053 atrocius
410 2017 720 2053 ‘bedrohlicher⁷.

159 2069 192 2100 3.
218 2066 336 2101 medio
361 2066 450 2111 diei]
480 2077 507 2102 s.
536 2078 579 2100 zu
605 2077 634 2101 c.
665 2069 720 2109 79,
750 2071 780 2100 1.

159 2116 192 2148 4.
225 2114 413 2159 scripsisse
439 2114 669 2160 credebatur]
705 2126 731 2148 s.
765 2125 809 2148 zu
836 2125 866 2148 c.

110 2164 144 2204 4,
173 2164 204 2195 6.

160 2211 192 2243 5.
219 2209 426 2254 modestiae]
462 2221 488 2244 s.
515 2221 560 2244 zu
585 2209 618 2253 I,
646 2213 709 2253 52,
740 2213 794 2244 10.
824 2230 868 2234 —

110 2256 164 2291 zu
191 2257 403 2300 procacitas
435 2257 513 2291 und
547 2258 761 2303 pessalantia
794 2257 867 2302 vgl.

114 2315 144 2339 c.
167 2307 224 2348 32,
245 2307 277 2340 8.
305 2305 368 2349 IV,
397 2309 429 2349 1,
452 2309 507 2340 13.
529 2325 572 2330 —
595 2304 697 2339 Uber
717 2305 783 2339 das
803 2316 870 2340 vor

112 2355 203 2387 tanc
227 2351 403 2387 fehlende
429 2353 485 2387 ita
511 2365 537 2388 s.
565 2364 610 2387 zu
635 2352 663 2395 Ι,
692 2357 747 2396 75,
775 2357 807 2388 2.

164 2403 196 2434 8.
211 2399 324 2446 velut]
348 2400 400 2434 im
416 2399 530 2435 Sinne
550 2400 615 2436 des
634 2401 871 2436 klassischen

114 2446 213 2482 velut
237 2447 290 2489 si,·
316 2448 432 2482 etwas
458 2447 593 2482 anders
620 2447 664 2492 ΙΙ,
693 2452 724 2491 8,
754 2453 785 2483 1.

164 2498 197 2530 9.
235 2495 396 2539 yaudere
434 2494 505 2529 mit:
543 2495 629 2530 dem
667 2495 736 2531 Inf.
775 2496 873 2530 nach

116 2540 408 2577 dichterischem
431 2543 614 2588 Bmuche,
641 2554 747 2578 wenn
771 2543 875 2579 nicht

116 2589 188 2624 mit
214 2589 380 2625 Kraffert
405 2591 537 2626 iterari
564 2603 606 2625 zu
633 2591 738 2626 lesen
763 2590 825 2627 isiz.

165 2637 303 2672 deverti
344 2639 449 2673 sons‘n
487 2637 558 2672 mit
595 2639 636 2673 in
674 2639 750 2673 und
789 2639 874 2674 dem

117 2684 206 2720 Aee.
234 2685 471 2730 verbunden,
498 2685 580 2721 hier
601 2703 646 2715 =
666 2686 874 2722 deverticu-

118 2732 198 2766 lum
223 2732 374 2768 habere.

171 2783 226 2815 10.
253 2781 490 2827 quamquam]
521 2781 555 2817 S.
583 2793 627 2815 zu
653 2793 683 2818 c.
711 2785 744 2828 2,
773 2786 827 2818 18.

170 2830 226 2864 11.
254 2829 392 2872 eripere
418 2828 570 2864 absolut
596 2846 640 2858 =
669 2829 877 2865 ‘erretten'.

170 2878 225 2909 12.
265 2886 403 2911 vacans
444 2876 723 2922 ‘leerstehend,
762 2878 877 2913 unbe-

120 2922 257 2958 nutzt'.

992 1642 1046 1673 13.
1081 1639 1243 1673 omittere
1281 1638 1513 1674 ‘verzichten
1546 1640 1614 1674 auf
1638 1639 1698 1664 —’

943 1687 1038 1720 stati:
1071 1685 1134 1720 des
1159 1686 1492 1731 gewohnlicheren
1519 1688 1703 1722 ᾱὶηιίιΐενε

946 1733 1085 1779 ‘gehen
1099 1734 1254 1769 lassen'.
1277 1734 1345 1769 Die
1358 1735 1702 1781 Konsularlegaten

943 1782 1077 1817 hatten
1102 1781 1296 1817 Liktoren.

992 1830 1176 1876 diyressa]
1205 1830 1275 1865 wie
1302 1831 1463 1867 adventu
1489 1843 1519 1866 c.
1549 1836 1605 1876 10,
1635 1836 1665 1866 1.

993 1878 1260 1923 eonsulartmn]
1296 1879 1355 1912 fiir
1389 1880 1592 1923 leqatorum
1618 1890 1703 1914 con-

940 1925 1142 1967 sulm-ium,
1189 1925 1254 1959 der
1293 1925 1522 1962 Statthalter
1560 1927 1701 1962 kaiser-

940 1971 1061 2006 licher
1086 1972 1309 2008 Provinzen.

993 2023 1048 2054 14.
1069 2021 1124 2054 vis
1144 2031 1187 2054 ae
1207 2021 1388 2067 potestas]
1411 2033 1437 2057 s.
1458 2034 1502 2056 zu
1523 2022 1568 2065 ΙΙ,
1591 2026 1648 2067 39,
1670 2026 1702 2057 2.

989 2067 1080 2113 fuit]
1105 2067 1223 2102 ‘ward
1245 2069 1304 2111 (zu
1322 2068 1434 2113 teil)’,
1451 2069 1520 2105 wie
1537 2066 1701 2114 ἐγένετο.

991 2117 1112 2151 cedere
1136 2115 1223 2151 ‘den
1244 2115 1419 2161 Vox-tritt,
1442 2118 1513 2152 den
1529 2118 1704 2164 Vorrang

944 2163 1098 2199 lassen’.

993 2215 1047 2247 15.
1081 2212 1241 2258 colleyis]
1278 2212 1301 2247 i.
1330 2222 1360 2247 e.
1395 2213 1529 2249 ceteris
1566 2213 1704 2260 legatis

943 2259 1147 2305 leg-ionum.

992 2308 1165 2354 obversis]
1195 2319 1244 2342 sc.
1272 2307 1310 2341 iu
1338 2319 1434 2344 eum.
1495 2309 1563 2344 Die
1597 2309 1702 2354 Sym-

944 2355 1101 2400 pathien
1137 2356 1202 2391 der
1235 2355 1417 2391 Soldaten
1453 2355 1587 2392 hatten
1624 2357 1704 2392 sich

943 2403 1023 2438 ihm
1052 2405 1286 2448 zugewandt.

997 2455 1051 2487 16.
1079 2451 1188 2494 fraus
1219 2450 1373 2496 ‘Tiicke,
1401 2451 1587 2488 Bosheit'.

997 2499 1061 2534 12.
1095 2499 1151 2533 Im
1177 2498 1381 2543 folgenden
1414 2499 1525 2535 kehrt
1552 2501 1612 2536 die
1639 2502 1704 2536 Er-

949 2547 1113 2591 z‘ahlung
1130 2559 1212 2581 zum
1237 2546 1412 2582 Schlusse
1428 2547 1492 2583 des
1511 2553 1542 2583 2.
1558 2549 1705 2584 Buches

949 2595 1099 2630 zuriick.

1000 2647 1029 2678 1.
1057 2653 1102 2677 ne
1129 2663 1173 2666 —
1199 2643 1360 2689 quidem]
1388 2655 1416 2678 s.
1443 2656 1488 2678 zu
1514 2645 1559 2688 H,
1589 2649 1644 2688 15,
1673 2650 1706 2682 6.

949 2689 1125 2725 Dieselbe
1141 2691 1373 2726 rhetorische
1388 2691 1587 2728 Antithese
1602 2693 1646 2737 ΙΙ,
1662 2697 1705 2728 15

950 2749 1014 2773 nee
1042 2737 1235 2773 Vitelliani
1260 2750 1481 2785 quamquam
1499 2741 1588 2776 vieti
1607 2742 1705 2786 quie-

950 2796 1047 2820 vere:
1086 2786 1214 2820 accitis
1251 2788 1409 2823 aaoeiliis
1442 2799 1608 2823 securam
1643 2789 1706 2824 720-

950 2836 1037 2868 stem
1065 2860 1072 2867 .
1096 2861 1102 2867 .
1126 2862 1132 2868 .
1160 2834 1366 2877 invadant;
1399 2847 1428 2872 c.
1459 2840 1501 2870 16
1528 2840 1561 2871 et
1587 2837 1707 2872 aversi

951 2883 1096 2925 repente
1117 2882 1248 2924 animi,
1273 2894 1339 2918 nee
1359 2887 1480 2918 tamen
1501 2888 1631 2928 aperta
1650 2886 1704 2922 vi:

953 2932 1081 2973 aptam
1107 2931 1248 2974 tempus
1273 2930 1423 2966 insidiis
1449 2932 1571 2977 Zeqere.
