1859 3182
145 101 201 142 22
669 97 831 133 TACITI
855 95 1190 132 HISTORIARUM

136 214 293 251 tertiam
332 211 537 250 decumam
581 209 775 260 legionem
812 210 852 246 in
890 209 976 259 ipso
1014 209 1098 247 viae
1136 207 1360 247 Postumiae
1399 219 1540 258 aggere
1578 206 1701 259 iubet,

137 273 202 310 cui
240 273 374 310 iuncta
417 282 436 308 a
481 269 588 307 laevo
635 269 800 319 septima
839 266 1025 306 Galbiana
1062 269 1214 318 patenti
1257 278 1394 317 campo
1440 267 1566 318 stetit,
1608 266 1700 305 dein

137 332 301 381 septima
332 328 543 368 Claudiana
575 329 722 378 agresti
753 327 857 365 fossa
890 322 961 379 (ita
993 326 1103 365 locus
1130 324 1232 373 erat)
1260 327 1524 377 praemunita3
1557 337 1582 364 a
1609 325 1699 364 dex-

84 399 117 423 10
137 395 198 428 tro
238 393 371 427 octava
412 400 483 439 per
516 392 695 438 apertum
728 386 904 437 limitem,
937 397 1026 424 mox
1059 387 1175 424 tertia
1208 385 1342 423 densis
1375 384 1546 423 arbustis
1579 385 1700 423 inter·

138 452 282 498 saepta.

345 447 409 485 hic
443 446 663 498 aquilarum
699 446 981 496 signorumque
1015 444 1129 483 ordo:
1169 444 1314 483 milites
1348 444 1459 482 mixti
1490 456 1560 495 per
1592 449 1700 482 tene-

137 507 247 559 bras,
285 512 329 545 ut
367 506 449 544 fors
487 505 649 556 tulerat3
690 505 984 556 praetorianum
1024 503 1209 542 vexillum
1247 504 1470 555 proximum
1508 503 1700 554 tertianis,

138 566 321 605 cohortes
359 564 595 604 auxiliorum
641 565 681 602 in
722 562 926 616 cornibus,
970 562 1092 602 latera
1131 575 1174 601 ac
1212 568 1323 613 terga
1363 563 1494 613 equite
1534 563 1701 601 circum-

137 624 243 677 data3
284 624 376 663 Sido
418 629 534 675 atque
568 623 727 662 Italicus
761 621 883 661 Suebi
922 634 1010 661 cum
1051 621 1214 660 delectis
1246 621 1495 673 popularium
1528 622 1702 672 primore

82 696 115 721 15
136 686 176 723 in
209 685 292 723 acie
330 683 599 722 versabantur.

64 744 121 786 22

256 743 304 782 At
337 742 568 782 Vitellianus
607 742 825 793 exercitus,
867 741 931 779 cui
971 740 1228 791 adquiescere
1267 738 1483 778 Cremonae
1525 743 1564 777 et
1601 739 1701 777 reci-

136 804 286 855 peratis
313 801 400 840 cibo
428 812 644 852 somnoque
672 799 823 838 viribus
844 799 1067 838 confectum
1094 798 1225 849 algore
1252 803 1370 849 atque
1390 797 1520 836 inedia
1546 797 1701 836 hostem

137 867 298 913 postera
343 861 404 900 die
448 859 658 912 profligare
704 871 748 898 ac
792 871 985 910 proruere
1036 859 1134 896 ratio
1184 857 1275 910 suit,
1318 856 1475 907 indigus
1521 858 1702 909 rectoris,

139 923 254 972 inops
287 920 459 971 consilii,
498 920 614 958 tertia
653 919 775 956 ferme
814 919 942 957 noctis
982 917 1078 955 hora
1119 918 1266 967 paratis
1303 917 1379 954 iam
1419 915 1705 967 dispositisque

99 992 116 1017 5
137 980 331 1018 Flavianis
370 980 602 1030 inpingitur.

664 977 843 1016 ordinem
882 978 1047 1028 agminis
1086 976 1243 1014 disiecti
1274 987 1345 1026 per
1383 975 1482 1013 iram
1520 987 1564 1014 ac
1597 980 1705 1014 tene-

135 1039 227 1078 bras
273 1038 503 1077 adseverare
542 1049 621 1076 non
666 1038 810 1088 ausim,
855 1048 1090 1088 quamquam
1130 1035 1196 1073 alii
1238 1033 1476 1073 tradiderint
1524 1038 1703 1085 quartam

134 1098 426 1137 Macedonicam
448 1097 632 1136 dextrum
660 1108 822 1135 suorum
849 1107 985 1147 cornu,
1007 1096 1185 1146 quintam
1215 1098 1253 1132 et
1287 1094 1463 1144 quintam
1496 1093 1702 1132 decumam

135 1170 226 1197 cum
257 1157 408 1196 vexillis
440 1169 565 1196 nonae
598 1155 874 1206 secundaeque
908 1159 947 1194 et
973 1155 1210 1193 vicensimae
1242 1152 1559 1191 Britannicarum
1586 1152 1704 1204 legio-

186 1337 218 1367 7.
245 1332 389 1378 ayyere]
417 1344 442 1367 s.
470 1343 513 1365 zu
538 1330 584 1375 ΙΙ,
611 1334 668 1375 24,
698 1334 752 1364 13.

184 1384 216 1415 8.
238 1381 384 1424 patenti
409 1378 551 1424 eampo]
586 1378 656 1412 wie
688 1377 732 1420 ΙΙ,
767 1379 823 1419 43,
854 1379 884 1410 1.

136 1427 239 1462 Beim
262 1427 344 1462 Abl.
365 1426 442 1462 abs.
464 1425 595 1461 stende
609 1428 769 1470 patente,
790 1424 885 1458 ohne

136 1474 307 1510 Attribut
331 1475 373 1508 iri
399 1483 534 1518 campo.

186 1526 217 1556 9.
257 1522 312 1556 ita
350 1522 448 1556 loeus
486 1519 580 1565 erat]
625 1518 696 1553 wie
736 1517 808 1552 Cic.
850 1529 886 1561 p.

139 1569 244 1604 Sulla
271 1572 289 1610 ἓ
316 1572 361 1602 22
388 1570 443 1602 ita
468 1579 566 1610 sum5
604 1567 678 1611 vgl.
705 1565 817 1600 Halm
842 1576 888 1599 zu

141 1616 215 1651 Cic.
242 1628 278 1661 p.
306 1615 416 1652 Arcb.
444 1619 462 1657 ἓ
490 1618 545 1649 31.

186 1663 436 1708 praemunita]
466 1662 553 1697 ‘von
582 1672 669 1696 vorn
696 1659 885 1705 gedeckff,

189 1715 243 1746 10.
279 1711 361 1756 per]
406 1709 603 1754 ‘entlang’.
659 1707 745 1752 Vgl.
779 1718 807 1741 c.
841 1710 885 1740 42

139 1759 258 1793 missis
288 1769 354 1803 per
381 1758 555 1802 proecima
581 1757 728 1790 litorum
753 1754 888 1789 Libur-

139 1806 252 1847 nicis;
278 1805 340 1850 IV,
367 1808 413 1840 24
434 1816 502 1849 per
526 1805 667 1849 ripam‚·
693 1813 721 1836 c.
743 1805 788 1836 26
815 1802 887 1836 dis-

136 1855 277 1898 positae
296 1864 364 1898 per
389 1863 523 1887 omnem
551 1852 672 1896 ripam
697 1850 889 1892 stationes,-

142 1912 171 1935 ο.
200 1905 243 1935 37
266 1912 333 1945 per
357 1902 447 1944 fines
472 1909 574 1941 suos,·
603 1897 705 1933 Caes.
731 1897 765 1930 b.
789 1908 817 1931 c.
839 1896 884 1938 II,

141 1952 198 1991 26,
224 1952 247 1982 4
267 1959 335 1992 per
360 1948 480 1983 litora.

189 1999 357 2039 apertam
395 1993 557 2038 limitem]
608 1993 655 2027 So
693 1991 784 2026 wird
824 1990 889 2024 der

142 2042 330 2087 Fusssteig
368 2041 456 2077 oder
493 2040 670 2084 Feldweg
714 2039 889 2084 genanut,

143 2090 208 2124 der
240 2100 313 2124 von
347 2089 412 2123 der
443 2087 676 2123 Heerstrasse
709 2085 891 2130 querfeld-

143 2137 202 2172 ein
229 2137 365 2180 fiihrte‚
392 2137 442 2171 im
464 2137 669 2180 Gegensatz
695 2146 738 2168 zu
758 2132 893 2178 ayresti

142 2185 241 2228 fossa
278 2184 354 2218 und
391 2185 511 2219 densis
549 2182 728 2223 arbustis,
766 2180 890 2214 hinter

145 2232 264 2267 denen
291 2231 349 2266 die
375 2231 509 2266 beiden
536 2229 676 2265 andern
702 2227 891 2272 Legionen

145 2278 326 2324 Deckung
352 2279 497 2313 fanden.

196 2330 250 2361 11.
283 2326 429 2372 milites]
462 2324 691 2370 singulorum
722 2321 890 2366 manipu-

144 2374 276 2408 lorum.

196 2424 248 2455 12.
271 2421 551 2465 praetorianum
570 2417 758 2462 vezillum]
783 2415 890 2450 Prae-

145 2468 284 2503 toriani
304 2479 325 2501 a
345 2467 499 2502 Vitellio
520 2465 664 2501 dimissi
691 2465 790 2499 bello
810 2463 892 2497 Fla.-

145 2515 256 2551 viano
289 2518 472 2559 resumpta
503 2514 638 2549 militia
662 2513 773 2548 robur
799 2510 892 2544 Fla-

145 2563 342 2597 vianarum
351 2563 520 2607 partium
534 2563 633 2604 fuere
647 2560 707 2604 (ΙΙ,
723 2560 792 2602 67).
809 2557 892 2601 Vgl.

147 2610 244 2644 noch
269 2611 319 2654 ΙΙ,
347 2613 401 2643 82.
430 2609 491 2651 IV,
519 2612 574 2644 46.
609 2608 708 2643 Suet.
735 2605 809 2640 Vit.
839 2608 891 2639 10.

199 2661 252 2693 13.
286 2657 416 2702 equite]
456 2656 539 2690 Abl.
573 2656 676 2690 instr.
709 2665 795 2689 vom
827 2652 893 2685 Mi-

148 2704 237 2739 'litat
263 2703 545 2750 gebrauchliclu
573 2703 647 2747 vgl.
675 2713 703 2737 c.
733 2705 777 2736 30
803 2704 894 2735 tecta

151 2780 158 2786 .
182 2780 188 2786 .
211 2780 218 2787 .
238 2752 435 2795 fortissimo
461 2762 596 2795 quoque
621 2750 778 2784 militurn
804 2758 894 2782 com-

145 2799 229 2843 plet.
278 2799 399 2833 Madv.
427 2802 445 2840 ξ
472 2802 540 2833 254
566 2797 608 2831 Α.
636 2801 668 2831 3.
717 2796 894 2837 Heraeum

150 2846 214 2880 lat.
242 2846 411 2891 Schulgr.
437 2850 456 2887 ἓ
485 2849 561 2880 135.

202 2897 254 2927 14.
282 2893 370 2928 Sido
397 2897 501 2938 atque
529 2892 702 2937 Italicus]
731 2904 757 2926 s.
780 2901 809 2925 c.
838 2893 870 2923 5.

1006 1328 1168 1372 primore
1203 1327 1245 1361 iri
1278 1326 1371 1372 acie]
1410 1325 1597 1369 dasselbe‚
1629 1335 1704 1360 was

958 1374 1003 1417 Π,
1024 1378 1080 1417 43,
1103 1378 1123 1409 5
1143 1373 1357 1419 principiis,
1387 1372 1439 1407 ‘in
1467 1372 1537 1407 den
1555 1372 1706 1407 vorder-

959 1425 1040 1457 sten
1067 1421 1238 1456 Reihen'.

1007 1468 1069 1504 22.
1091 1473 1123 1503 2.
1145 1467 1280 1514 alym-e]
1310 1478 1348 1502 es
1368 1478 1444 1502 war
1463 1478 1583 1512 gegen
1602 1466 1707 1502 Ende

961 1516 1138 1551 Oktober.

1009 1568 1040 1598 3.
1079 1563 1276 1607 prosliyare
1314 1572 1356 1596 ac
1387 1563 1574 1606 proruere]
1611 1571 1706 1596 neue

959 1610 1159 1655 &Vendung
1199 1610 1292 1644 stati:
1329 1609 1393 1644 des
1432 1609 1550 1644 schier
1580 1608 1708 1643 trivial

962 1657 1209 1702 gewordenen
1267 1657 1420 1700 fundere
1476 1667 1519 1691 ae
1566 1657 1708 1701 fuyare.

960 1705 1044 1750 Vgl.
1067 1704 1216 1749 Berger‚
1237 1705 1302 1739 lat.
1325 1704 1405 1739 Stil.
1432 1706 1450 1745 ξ
1472 1707 1528 1747 51,
1549 1706 1584 1739 2.
1616 1703 1707 1737 Zum

960 1753 1028 1787 Inf.
1063 1752 1137 1797 vgl.
1166 1753 1207 1787 A.
1235 1751 1332 1793 XIV,
1368 1754 1410 1785 14
1440 1754 1540 1786 vetus
1565 1750 1623 1785 illi
1647 1761 1708 1785 eu-

955 1800 1046 1845 pido
1093 1803 1169 1834 erat
1219 1798 1402 1834 curriculo
1445 1798 1710 1842 quadriyarum

959 1848 1124 1882 insistere
1147 1857 1211 1882 ‘nec
1236 1846 1356 1880 minus
1380 1846 1524 1888 foedum
1548 1845 1711 1880 studium

957 1895 1101 1930 cithara
1133 1895 1313 1929 ludicrum
1344 1893 1386 1927 in
1409 1893 1554 1928 modum
1573 1903 1711 1927 carzere.

1007 1943 1105 1977 ratio
1118 1941 1211 1987 fait]
1226 1941 1280 1975 ‘es
1295 1940 1387 1975 Plan
1400 1950 1571 1984 gewesen
1582 1939 1710 1974 w'are’.

961 1990 1087 2025 Etwas
1124 1989 1256 2023 anders
1290 1988 1332 2022 A.
1366 1987 1435 2030 ΙΙΙ,
1467 1990 1510 2021 21
1551 1988 1637 2022 dum
1669 1997 1711 2022 ea

962 2038 1059 2072 ratio
1085 2037 1253 2071 barbaris
1277 2035 1361 2078 fuit.
1412 2033 1486 2068 Das
1509 2034 1606 2068 Pers.
1632 2033 1708 2077 fuit

963 2085 1025 2120 bei
1050 2085 1148 2119 ratio
1179 2084 1246 2117 hat
1272 2083 1357 2116 Tac.
1384 2081 1465 2115 hier
1489 2081 1586 2116 nach
1611 2080 1710 2116 Ana-

965 2132 1065 2176 logie
1100 2142 1171 2165 von
1198 2140 1325 2174 operae
1347 2129 1521 2173 pretium,
1548 2128 1709 2173 aequius,

963 2180 1089 2214 melius
1114 2178 1188 2221 fuit
1213 2176 1430 2222 gebraucht.

1011 2226 1160 2269 indigus
1186 2223 1350 2269 rectoris]
1386 2222 1546 2257 Caecina
1571 2233 1648 2257 war
1672 2223 1711 2258 in

963 2273 1053 2307 Haft
1085 2274 1130 2315 (c.
1166 2273 1241 2315 14),
1282 2271 1419 2305 Valens
1456 2271 1554 2305 noch
1584 2270 1711 2316 unter-
1772 2293 1778 2297 -

963 2332 1063 2365 wegs
1092 2321 1136 2364 (c.
1166 2320 1236 2364 15).

1011 2372 1044 2402 4.
1077 2368 1185 2402 tertia
1219 2395 1259 2402 ..
1285 2394 1292 2402 .
1325 2366 1432 2411 hora]
1467 2375 1588 2410 gegen
1613 2375 1711 2400 noun

965 2416 1043 2450 Uhr
1063 2414 1158 2449 nach
1179 2414 1351 2458 heutiger
1365 2412 1709 2457 Zeitbestimmung.

1014 2466 1045 2497 5.
1072 2462 1229 2507 agminis
1254 2460 1411 2506 disiecti]
1441 2460 1521 2494 ‘des
1547 2457 1712 2504 zersplit-

965 2511 1086 2545 terten
1113 2508 1402 2544 Aufmarsches’.

1015 2561 1045 2592 6.
1073 2567 1147 2591 riori
1174 2555 1308 2602 ausim]
1336 2566 1362 2589 s.
1389 2565 1433 2589 zu
1460 2564 1488 2589 c.
1516 2557 1572 2598 28,
1599 2557 1632 2588 2.

1016 2609 1046 2639 7.
1070 2615 1218 2639 suorum
1237 2603 1287 2638 ist
1301 2602 1361 2637 ein
1374 2601 1436 2636 bei
1451 2601 1516 2635 der
1534 2601 1712 2645 knappen

968 2651 1295 2686 Ausdrucksweise
1345 2649 1408 2684 des
1452 2647 1536 2684 Tac.
1581 2647 1712 2682 auffal-

967 2699 1096 2734 lender
1126 2698 1385 2740 pleonasmus,
1423 2696 1488 2731 der
1521 2694 1713 2731 vielleicht

968 2746 1133 2781 dadurch
1148 2745 1247 2780 seine
1262 2744 1472 2788 Erklarung
1491 2743 1617 2786 findet,
1633 2741 1713 2777 dass

964 2794 1051 2838 jene
1084 2791 1408 2827 Berichterstatter
1437 2790 1492 2825 als
1517 2790 1712 2825 Flavianer

970 2839 1186 2875 bezeichnet
1211 2839 1358 2873 werden
1384 2838 1511 2873 sollen.

1016 2891 1048 2923 8.
1075 2898 1155 2923 cwm
1179 2886 1337 2932 vexillis]
1366 2897 1393 2920 s.
1420 2897 1464 2920 zu
1489 2885 1516 2929 I,
1541 2887 1598 2929 31,
1627 2887 1681 2919 16.
