1875 3214
0 3009 2 3030 l

0 3034 2 3051 Ι

0 3056 2 3076 Ι

618 129 762 164 LIBER
789 129 849 166 IV.
903 129 1006 165 CAP.
1032 133 1088 165 42.

1561 129 1646 171 145

71 241 286 282 redemisti.
345 253 436 280 sane
477 240 690 280 toleremus
722 242 891 281 istorum
924 242 1192 294 defensiones,
1239 244 1306 294 qui
1343 241 1512 294 perdere
1546 241 1643 281 alios

11 303 14 305 ’
75 313 191 354 quam
222 300 441 352 periclitari
472 302 547 352 ipsi
581 300 825 340 maluerunt:
867 308 904 340 te
947 314 1133 341 securum
1159 302 1376 354 reliquerat
1403 301 1493 341 exul
1526 308 1638 354 pater

71 367 110 400 et
153 360 277 399 divisa
320 361 424 399 inter
462 360 680 399 creditores
726 360 845 412 bona3
896 361 1072 400 nondum
1116 361 1314 401 honorum
1359 374 1480 414 capax
1525 367 1644 409 aetas,
1667 372 1701 398 15

69 419 184 471 nihil,
218 419 322 472 quod
356 432 402 458 ex
436 425 474 459 te
508 421 811 470 concupisceret
836 419 958 472 Nero,
991 421 1090 460 nihil
1117 421 1222 472 quod
1257 423 1427 460 timeret.
1484 421 1647 460 libidine

71 479 273 530 sanguinis
306 484 345 518 et
377 479 486 518 hiatu
523 480 792 530 praemiorum
831 481 1008 530 ignotum
1050 480 1177 519 adhuc
1215 482 1418 532 ingenium
1453 487 1491 520 et
1524 480 1646 520 nullis

70 537 368 578 defensionibus
408 545 615 590 expertum
655 538 773 577 caede
812 539 935 578 nobili
967 539 1150 592 inbuisti‚
1197 553 1287 579 cum
1327 553 1373 579 ex
1413 541 1552 580 funere
1586 542 1647 579 rei

69 597 250 650 publicae
282 599 406 649 raptis
440 597 716 637 consularibus
750 598 903 651 spoliis,
937 601 1190 651 septuagiens
1224 602 1408 639 sestertio
1444 602 1646 652 saginatus

68 663 109 696 et
141 657 362 696 sacerdotio
395 657 550 709 fulgens
584 659 765 697 innoxios
798 670 962 711 pueros,
1002 659 1193 698 inlustres
1233 672 1366 712 senes,
1407 661 1643 711 conspicuas
1666 671 1700 697 20

68 717 234 756 feminas
261 716 397 756 eadem
424 719 537 756 ruina
558 723 854 771 prosterneres,
883 730 971 757 cum
1001 721 1207 770 segnitiam
1228 719 1396 758 Neronis
1424 721 1642 771 incusares,

66 776 171 828 quod
204 788 275 828 per
308 776 482 828 singulas
516 777 652 816 domos
695 789 817 829 seque
852 783 890 816 et
929 778 1125 818 delatores
1165 779 1364 830 fatigaret:
1404 791 1521 830 posse
1556 780 1644 818 uni·

62 847 222 875 versum
256 842 436 875 senatum
470 849 547 876 una
580 849 673 876 voce
707 837 895 876 subverti.
947 840 1134 891 retinete,
1167 845 1299 891 patres
1333 840 1569 891 conscripti,
1601 845 1642 877 et

62 901 264 935 reservate
296 895 497 935 hominem
529 902 609 935 tam
641 897 813 948 expediti
853 897 1024 946 consilii,
1066 904 1108 937 ut
1141 900 1269 937 omnis
1303 906 1408 938 aetas
1441 900 1640 938 instructa

65 956 133 1005 sit,
173 960 213 995 et
245 968 322 1007 quo
360 956 477 994 modo
516 968 632 995 senes
672 958 798 995 nostri
837 956 1083 1010 Marcellum,
1124 957 1325 1011 Crispum,
1370 959 1534 997 iuvenes
1568 957 1701 997 Re-25

66 1014 202 1066 guium
235 1016 453 1055 imitentur.

517 1016 669 1054 invenit
701 1015 877 1055 aemulos
916 1018 1035 1056 etiam
1071 1017 1207 1057 infelix
1246 1019 1442 1070 nequitia:
1482 1017 1578 1070 quid
1611 1019 1646 1057 si

65 1074 205 1113 floreat
237 1073 474 1126 vigeatque?
507 1081 546 1115 et
579 1088 697 1127 quem
729 1075 858 1115 adhuc
887 1078 1158 1128 quaestorium
1186 1078 1386 1117 offendere
1420 1090 1499 1116 non
1527 1077 1645 1117 aude-

66 1146 173 1185 mus,
206 1135 450 1186 praetorium
486 1141 526 1174 et
558 1135 808 1174 consularem
840 1138 978 1175 ausuri
1010 1135 1178 1176 sumus?
1210 1150 1258 1176 an
1285 1137 1484 1177 Neronem
1515 1143 1644 1177 extre-

65 1205 176 1233 mum
207 1193 460 1233 dominorum
491 1193 669 1246 putatis?
701 1195 807 1234 idem
839 1196 1109 1249 crediderant,
1143 1199 1212 1249 qui
1244 1197 1417 1250 Tiberio,
1452 1199 1521 1250 qui
1548 1197 1643 1236 Gaio

65 1255 302 1305 superstites
341 1253 520 1307 fuerunt,
565 1267 654 1293 cum
699 1256 861 1294 interim
906 1256 1170 1296 intestabilior
1215 1263 1254 1296 et
1293 1259 1446 1296 saevior
1479 1262 1643 1296 exortus
1664 1269 1699 1295 30

65 1318 136 1352 est.

117 1454 170 1487 13.
191 1452 361 1498 istorum]
390 1452 543 1488 Warum
570 1453 706 1498 gerade
734 1453 812 1488 dies

65 1497 298 1533 Pronomen?
347 1500 398 1533 Er
435 1500 547 1545 spielt
594 1501 713 1535 damit
752 1500 817 1535 auf

66 1543 201 1590 Eprius
227 1544 428 1582 Marcellus
454 1558 502 1582 an
530 1549 575 1591 (c.
604 1551 650 1593 8).

115 1596 170 1629 14.
190 1604 337 1629 securus
358 1594 467 1629 ‘aller
488 1595 628 1640 Sorgen
654 1597 815 1631 iiberho-

64 1640 148 1684 ben,
175 1641 506 1686 unangefochten'3
535 1655 560 1678 s.
588 1655 631 1678 zu
653 1656 681 1679 c.
703 1647 759 1687 35,
780 1647 813 1680 4.

64 1687 265 1724 Montanus
284 1690 414 1733 meint,
439 1690 605 1736 Regulus
626 1692 722 1726 habe
743 1703 814 1727 we-

66 1746 139 1780 gen
165 1736 286 1771 seiner
305 1737 440 1772 Armut
462 1749 535 1773 von
562 1739 679 1775 Neros
706 1738 815 1775 Geld-

65 1783 146 1828 gier
183 1785 259 1819 und
298 1784 562 1821 Grausamkeit
604 1787 727 1822 nichts
773 1800 816 1822 zu

65 1830 245 1866 befahren
271 1833 423 1877 gehabt.

116 1882 172 1913 15.
198 1880 334 1926 capax]
363 1891 410 1916 sc.
440 1883 531 1926 erat,
557 1882 626 1916 wie
647 1881 711 1924 ΠΙ,
733 1886 766 1926 2,
784 1886 813 1917 1.

71 1926 104 1961 S.
132 1938 176 1960 zu
201 1927 228 1969 Ι,
257 1931 289 1971 9,
316 1932 347 1962 3.

117 1977 171 2009 16.
199 1974 368 2022 libidine]
396 1988 422 2011 s.
449 1988 493 2011 zu
520 1987 550 2012 c,
577 1980 633 2019 49,
661 1981 717 2012 21.

117 2025 172 2056 17.
198 2022 319 2069 hiatu]
348 2035 374 2058 s.
402 2035 444 2058 zu
471 2025 497 2066 Ι,
527 2028 581 2067 12,
611 2028 664 2059 12.

116 2072 169 2104 18.
204 2071 310 2105 caede
341 2072 474 2118 nobili]
502 2072 536 2106 d,
570 2072 592 2106 i.
628 2072 814 2117 supplicio

65 2116 259 2152 nobilium.
310 2118 395 2164 Vgl.
418 2131 463 2154 zu
481 2118 508 2162 Ι,
532 2123 586 2163 10,
608 2124 628 2154 2
656 2121 817 2165 insiynes

66 2165 260 2200 amicitias.

114 2212 263 2248 inbuere
305 2212 387 2249 hier
426 2214 666 2259 ‘ein-werhen,
710 2215 816 2250 inau-

67 2259 268 2304 gurieren’.
322 2261 355 2297 S.
383 2274 428 2296 zu
453 2261 515 2307 HI,
544 2266 599 2306 15,
629 2267 682 2298 12.

114 2307 230 2350 funus
265 2310 320 2343 rei
353 2310 524 2354 publicae
561 2310 631 2345 wie
671 2310 745 2346 Cic.
782 2323 817 2356 p.

69 2354 160 2390 Sest.
183 2358 261 2398 §88
282 2359 334 2391 tot
351 2358 394 2392 in
412 2358 606 2400 funeribus
624 2360 678 2394 rei
692 2359 818 2403 publi-

67 2413 146 2445 eae3
171 2403 211 2438 in
237 2403 308 2439 Pis,
335 2407 354 2447 ξ
381 2409 423 2439 21
446 2406 596 2450 patriae
620 2407 746 2449 funus.

118 2452 820 2499 19.consularibusspoliis]Crassusund

68 2496 205 2580 grfitus
250 2510 376 2534 waren
412 2500 662 2543 Romularem
708 2514 734 2537 s.
775 2514 820 2536 zu

115 2595 345 2639 septuagiens
387 2596 562 2642 sestertio]
613 2613 658 2625 =
701 2601 821 2641 septu-

74 2641 200 2686 ayiens
238 2643 396 2677 centenis
437 2644 586 2678 milibus
623 2646 825 2680 sestertium

68 2687 108 2769 §1⁷
118 2687 314 2770 Mlizllionen
328 2688 507 2734 Sesterze‚
524 2692 621 2726 etwa
637 2695 824 2737 1,300‚000

110 2745 151 2769 ar
178 2737 202 2781 ).

116 2786 173 2818 20.
199 2784 369 2819 inlustris
400 2785 599 2821 ‘erlaucht'

119 2832 311 2885 21.·ruina
332 2831 492 2876 ‘Sturz’3
525 2834 593 2868 wie
615 2846 644 2870 c.
669 2839 689 2870 6
713 2836 828 2871 ruina

72 2886 195 2912 soceri.
655 2894 660 2897 ’

123 2927 180 2960 22.
213 2936 316 2971 seque
342 2928 451 2974 et'd.]
480 2941 505 2964 s.
535 2941 576 2963 zu
602 2928 635 2974 J,
664 2933 720 2974 51,
749 2934 802 2966 11.

140 2989 253 3017 'luem
277 2993 371 3020 Htsr.
393 2993 434 3019 11.

199 1325 279 1352 non
313 1314 497 1353 timemus
530 1313 831 1365 Vespasianum:
865 1327 909 1354 ea
942 1318 1134 1369 principis
1169 1322 1292 1369 aetas,
1326 1329 1369 1356 ea
1402 1317 1645 1369 moderatio,

936 1458 993 1489 24.
1032 1455 1134 1490 homo
1173 1459 1248 1490 tam
1292 1456 1453 1500 expediti
1497 1456 1647 1491 consilii

891 1500 972 1536 ‘der
1010 1502 1136 1537 allzeit
1173 1503 1310 1549 fertige
1348 1503 1570 1549 Rabgeber'3
1617 1515 1645 1538 s.

888 1561 932 1583 zu
958 1549 1002 1592 Π,
1031 1553 1087 1593 52,
1115 1554 1147 1585 9.

937 1604 1137 1639 instructus
1177 1604 1293 1639 ‘wohl
1331 1605 1537 1650 versehen,
1579 1606 1648 1650 gut

887 1651 1073 1697 versorgt’
1104 1652 1189 1697 <mit
1216 1652 1467 1697 Vorbildern).

939 1714 993 1746 25.
1021 1722 1090 1755 quo
1116 1711 1236 1757 modo]
1275 1724 1300 1747 s.
1328 1724 1372 1746 zu
1403 1711 1473 1756 ΠΙ,
1503 1716 1558 1757 77,
1586 1716 1643 1749 22.

939 1765 1177 1808 BIarceZlum,
1206 1764 1391 1812 Crispum]
1434 1767 1523 1801 Zum
1554 1778 1643 1802 enu-

889 1812 1096 1847 merativen
1134 1812 1352 1857 Asyndebon
1398 1814 1472 1858 vgl.
1512 1827 1556 1848 zu
1599 1813 1645 1858 ΙΙ,

890 1863 952 1902 95,
988 1863 1042 1893 14.
1100 1860 1206 1895 Mehr
1245 1861 1305 1895 bei
1343 1860 1562 1906 Nipperdey
1601 1875 1646 1896 zu

890 1909 933 1941 A.
962 1906 1024 1949 IV,
1051 1910 1096 1941 43
1125 1908 1200 1942 und
1229 1907 1294 1950 VI,
1325 1913 1355 1943 7.

939 1953 1037 1995 fiber
1063 1960 1208 2005 Eprius
1236 1962 1439 1997 Marcellus
1472 1975 1498 1997 s.
1526 1974 1571 1998 zu
1596 1962 1642 2007 Π,

890 2012 952 2052 53,
988 2012 1024 2049 13
1064 2009 1156 2043 iiber
1192 2009 1320 2044 Vibius
1354 2008 1506 2055 Crispus
1545 2024 1572 2046 s.
1600 2023 1646 2046 zu

893 2054 940 2100 ll,
977 2059 1037 2099 10,
1071 2060 1101 2091 3.
1154 2055 1238 2101 Vgl.
1270 2056 1348 2092 Iuv.
1382 2057 1445 2101 IV,
1472 2061 1515 2093 81
1550 2061 1653 2095 venit

890 2107 922 2138 et
950 2103 1073 2148 Crispi
1097 2105 1263 2139 iucunda
1287 2109 1458 2141 senectus.

938 2167 995 2199 26.
1023 2164 1112 2209 quid
1136 2165 1183 2210 si]
1213 2176 1239 2199 s.
1268 2177 1312 2199 zu
1338 2176 1369 2200 c.
1400 2169 1454 2209 17,
1484 2170 1539 2202 11.

939 2227 995 2258 27.
1029 2224 1290 2270 quaestorium]
1330 2224 1495 2270 Regulus
1538 2226 1646 2262 hatte

891 2282 960 2305 nur
987 2274 1063 2306 ers‘c
1090 2271 1149 2306 die
1177 2271 1339 2314 Qu'astur
1364 2272 1569 2310 bekleide‘c.

941 2325 1119 2369 offendere
1149 2325 1369 2362 ‘antasten'.

940 2388 997 2420 28.
1025 2384 1172 2430 ausuri]
1212 2384 1255 2418 Id
1293 2385 1493 2421 Montanus
1531 2390 1650 2433 negat]

891 2432 970 2467 fieri
995 2443 1115 2477 posse,
1143 2433 1175 2466 si
1200 2443 1246 2467 ne
1272 2444 1370 2468 nunc
1397 2434 1549 2478 quidem
1577 2447 1643 2470 au-

893 2480 1016 2515 deant.
1070 2479 1234 2525 Madvig.

941 2534 1008 2580 an]
1057 2533 1162 2568 ‘oder
1206 2535 1319 2578 etwa,
1366 2535 1465 2571 denn
1509 2538 1647 2573 etwa?’

896 2582 979 2626 Vgl.
1015 2594 1042 2616 c.
1078 2584 1141 2624 58,
1176 2585 1231 2616 24.
1274 2586 1336 2625 73,
1371 2587 1424 2618 14.
1471 2584 1651 2630 Heraeus,

899 2630 963 2664 lat.
993 2629 1162 2673 Schulgr.
1190 2632 1208 2671 ξ
1236 2633 1316 2670 214,
1343 2635 1363 2665 3
1390 2631 1498 2666 Anm.
1530 2638 1558 2669 1.

949 2693 1003 2723 30.
1037 2699 1114 2723 cum
1148 2689 1310 2734 interim]
1351 2691 1420 2725 mil:
1452 2691 1536 2726 dem
1572 2691 1650 2728 Ind.

899 2735 953 2771 Pf.
981 2735 1050 2770 wie
1079 2737 1103 2778 Ι,
1132 2740 1189 2779 60,
1216 2741 1248 2771 6.
1275 2736 1319 2782 V,
1347 2742 1403 2783 23,
1433 2742 1486 2773 15.
1526 2739 1652 2775 Madv.

900 2787 919 2826 ξ
947 2787 1014 2818 358
1040 2783 1082 2817 A.
1113 2787 1142 2818 1.

947 2837 1206 2882 intestabilior]
1253 2839 1345 2872 stati.
1387 2839 1647 2884 detestabilior,

900 2885 1017 2966 Ζιαρίε
1069 2886 1329 2929 exsecrandus,
1380 2887 1450 2922 wie
1501 2890 1543 2923 A.
1585 2888 1648 2934 VI,

927 2936 958 2966 Ο.
987 2936 1041 2966 51.

1322 2996 1364 3027 10
