1875 3214
586 112 734 147 LIBER
759 112 821 147 III.
875 111 980 147 CAP.
1008 114 1161 147 59-62,
1618 109 1671 151 61

211 226 293 265 Nec
334 225 459 265 multo
503 230 592 276 post
631 224 809 274 legiones
841 236 1000 265 venere.

99 287 298 326 exercitus
330 284 560 324 Vitellianae
593 283 778 323 cohortes
810 283 1015 335 nutabant,
1045 283 1154 322 nullo
1181 285 1222 321 in
1255 282 1403 321 bellum
1431 281 1678 334 adhortante,

95 345 232 386 multis
263 344 310 384 ad
343 345 639 396 transitionem,
679 344 748 394 qui
781 355 872 382 suas
900 344 1102 382 centurias
1135 349 1367 393 turmasque
1401 341 1577 394 tradere,
1611 341 1676 380 do-

96 417 192 445 num
217 405 359 443 victori
386 409 425 443 et
451 403 528 442 sibi
553 405 594 442 in
620 408 827 455 posterum
855 404 1042 453 gratiam,
1077 401 1293 442 certabant.
1338 414 1410 453 per
1444 414 1511 440 eos
1544 402 1676 452 cogni-

94 471 178 504 tum
220 469 280 503 est
318 463 585 503 Interamnam
624 464 816 514 proximis
856 464 1005 514 campis
1050 462 1249 514 praesidio
1293 461 1713 513 quadringentorum5

93 525 274 576 equitum
306 524 446 562 teneri.
491 524 638 562 missus
671 522 869 573 extemplo
895 521 1022 561 Varus
1048 535 1140 562 cum
1168 521 1350 573 expedita
1378 533 1497 559 manu
1527 532 1676 572 paucos

92 584 401 635 repugnantium
445 583 666 634 interfecit,
716 582 853 634 plures
899 581 1065 621 abiectis
1108 583 1229 621 armis
1280 582 1434 619 veniam
1480 582 1677 633 petivere,

93 643 252 695 quidam
289 644 331 681 in
370 648 500 682 castra
537 643 668 694 refugi
712 647 856 682 cuncta
889 642 1101 681 formidine
1133 640 1352 694 implebant
1392 640 1572 691 augendo
1611 652 1676 679 ru-

93 702 274 742 moribus
307 703 495 741 virtutem
530 703 744 753 copiasque
778 701 965 754 hostium,
1000 715 1077 753 quo
1111 702 1247 740 amissi
1279 700 1469 753 praesidii
1503 700 1676 739 dedecus

84 762 276 813 lenirent.

339 774 413 801 nec
445 761 524 801 ulla
557 762 661 813 apud
696 761 926 800 Vitellianos
967 761 1105 812 flagitii
1143 773 1270 813 poena
1311 766 1349 800 et
1381 761 1570 811 praemiis
1611 760 1675 798 de·
1697 765 1731 790 10

91 822 286 861 sectorum
320 833 435 860 versa
466 821 565 860 fides
598 834 643 860 ac
671 821 872 873 reliquum
899 821 1090 872 perfidiae
1118 827 1332 860 certamen.
1373 819 1513 858 crebra
1547 824 1675 858 trans-

91 881 197 932 fugia
229 881 483 920 tribunorum
517 882 904 933 centurionumque,
938 893 1028 919 nam
1061 882 1268 933 gregarius
1299 879 1412 919 miles
1439 879 1675 918 induruerat

91 952 165 992 pro
197 940 371 994 Vitellio,
405 942 532 980 donec
564 941 728 980 Priscus
761 946 801 980 et
826 940 990 980 Alfenus
1024 940 1195 979 desertis
1229 941 1371 979 castris
1398 939 1446 978 ad
1473 938 1675 978 Vitellium

89 1002 266 1052 regressi
296 1001 450 1052 pudore
481 1000 721 1052 proditionis
754 1006 921 1040 cunctos
955 1000 1216 1039 exsolverent.

207 1060 339 1099 Isdem
383 1060 524 1100 diebus
563 1059 710 1099 Fabius
748 1060 891 1099 Valens
937 1059 1079 1099 Urbini
1117 1062 1159 1099 in
1198 1059 1377 1099 custodia
1416 1052 1748 1110 interficitur,62

89 1125 210 1171 caput
242 1121 329 1159 eius
361 1119 582 1159 Vitellianis
615 1120 849 1160 cohortibus
889 1126 1151 1172 ostentatum,
1191 1132 1240 1158 ne
1275 1131 1393 1171 quam
1427 1119 1531 1157 ultra
1565 1130 1676 1169 spem

88 1179 285 1219 foverent:
323 1192 414 1219 nam
458 1181 682 1232 pervasisse
727 1181 768 1219 in
814 1180 1046 1219 Germanias
1078 1179 1282 1218 Valentem
1316 1184 1356 1217 et
1399 1184 1556 1217 veteres
1594 1177 1675 1216 illic

88 1251 293 1291 novosque
326 1241 528 1279 exercitus
567 1241 673 1279 ciere
712 1239 941 1279 credebant.
992 1241 1075 1278 risa
1115 1239 1234 1278 caede
1274 1240 1315 1277 in
1355 1238 1676 1289 desperationem

90 1299 214 1351 versi,
240 1304 280 1338 et
306 1298 518 1339 Flavianus
545 1301 747 1338 exercitus
779 1301 951 1338 immane
980 1305 1173 1351 quantum
1201 1304 1323 1338 aucto
1350 1299 1481 1337 animo
1510 1298 1675 1336 exitium
1696 1303 1712 1329 5

134 1437 199 1473 61.
222 1441 253 1474 1.
274 1438 323 1483 et]
347 1437 440 1481 ‘da',
461 1437 532 1473 wie
552 1438 580 1482 I,
601 1442 646 1474 35
667 1442 700 1474 et
720 1438 842 1473 Galba

88 1485 158 1521 etc.
202 1484 265 1529 IV,
287 1489 330 1520 59
358 1489 391 1521 et
411 1485 597 1521 Classicus
623 1488 694 1522 etc.
731 1486 774 1530 V,
795 1490 840 1521 26

11 1566 15 1569 ,
82 1537 118 1568 et
144 1533 274 1569 Civilis
299 1534 355 1568 ita
380 1535 505 1578 eoepit.

134 1584 269 1617 terrore
311 1581 499 1627 famaque]
530 1579 576 1616 ἓν
615 1579 680 1616 διὰ
719 1582 839 1616 δυοῖν.

87 1627 122 1664 S.
149 1627 301 1674 Berger,
326 1629 391 1664 lat.
420 1628 503 1664 Stil.
529 1632 549 1671 ξ
578 1633 633 1672 16,
660 1629 694 1665 b.

134 1680 167 1711 3.
194 1677 333 1712 donum
360 1704 367 1711 .
390 1705 396 1711 .
420 1705 427 1712 .
453 1677 630 1723 qratiam]
659 1687 839 1722 epexege-

85 1723 207 1759 tische
238 1723 465 1770 Apposition
503 1737 549 1759 zu
581 1725 666 1760 dem
698 1725 751 1759 im
784 1725 842 1759 In-

86 1771 291 1807 finitivsatz
336 1773 579 1808 euthaltenen
624 1772 841 1808 Gedanken.

90 1820 125 1854 S.
152 1832 196 1854 zu
222 1820 250 1863 I,
276 1823 334 1863 44,
363 1824 419 1856 12.

136 1871 170 1902 4.
214 1867 391 1913 qratiam]
437 1869 627 1913 pragnant
669 1867 736 1913 fur„
773 1878 843 1912 quo

84 1915 248 1960 qratiam
291 1916 363 1950 sibi
401 1917 651 1951 conciliarent.
712 1914 842 1949 Ubers.

89 1961 162 1997 ‘als
200 1961 487 1997 dankenswerte
525 1963 747 2009 Handlung,
789 1962 844 1997 als

87 2009 344 2092 {ttsfiffnffchssei
373 2009 841 2103 §ztsstinsstkmthtssff

253 2087 259 2093 ·
806 2084 807 2087 ¹
833 2085 841 2100 ν

88 2105 171 2140 Ter.
209 2105 300 2142 Hec.
338 2105 410 2149 III,
444 2110 482 2149 3,
517 2109 562 2140 30
596 2107 643 2150 (v.
678 2109 747 2140 390
784 2105 841 2141 ed.

90 2151 163 2198 Fl.)
189 2154 268 2188 sine
293 2153 416 2188 labore
440 2154 536 2189 hane
559 2154 721 2198 qratiam
747 2157 780 2188 te
802 2156 844 2188 ut

86 2201 159 2236 sibi
190 2201 252 2236 des
277 2211 350 2245 pro
381 2201 462 2240 illa,
483 2212 583 2236 nunc
608 2205 730 2246 roqat3
767 2201 841 2236 Cic.

88 2259 165 2285 ace.
192 2247 232 2283 in
257 2251 361 2284 Verr.
386 2248 451 2293 111,
472 2251 529 2292 82,
552 2252 620 2285 189
642 2249 776 2294 petivit
801 2249 844 2283 in

89 2296 254 2344 beneficii
278 2297 353 2331 loeo
373 2300 406 2332 et
430 2299 591 2342 qratiae3
619 2298 667 2331 ad
687 2297 775 2331 fam.
795 2295 840 2341 H,

91 2347 128 2387 6,
175 2347 195 2378 2
239 2355 322 2379 cum
365 2345 584 2388 praesertim
627 2345 841 2388 confiderem

87 2391 231 2426 nullam
260 2392 422 2437 qratiam
448 2403 519 2427 esse
543 2395 707 2435 tantam,
733 2403 842 2437 quam

88 2449 165 2474 non
207 2439 262 2474 vel
306 2450 433 2484 capere
475 2440 622 2475 animus
659 2450 758 2474 meus
801 2440 843 2474 in

89 2486 302 2530 accipiendo
336 2488 391 2522 vel
422 2487 463 2522 in
488 2488 755 2522 remunerando
781 2498 842 2522 eu-

88 2534 229 2569 mulare
255 2538 362 2579 atque
385 2535 589 2570 inlustrare
607 2538 738 2579 posset.

138 2582 343 2627 certabant]
364 2582 434 2617 mih
454 2583 538 2617 dem
559 2582 627 2616 Inf.
650 2582 719 2617 wie
742 2581 842 2619 Curt.

91 2628 155 2673 IX,
181 2633 215 2673 4,
242 2633 287 2664 33
313 2630 411 2664 nach
437 2630 523 2664 dem
547 2629 750 2674 Vorgange
777 2630 843 2665 der

91 2675 264 2720 Dichter3
291 2677 367 2722 vgl.
395 2677 440 2711 H.
466 2677 512 2722 Π,
538 2681 580 2711 62
609 2678 842 2713 aemulaban—

90 2727 153 2758 tur
191 2725 507 2769 corruptissimum
543 2736 715 2770 quemque
754 2726 845 2761 adu-

93 2771 302 2812 lescentium
322 2773 443 2817 pretio
468 2773 626 2807 inlicere.

141 2821 173 2855 5.
195 2819 417 2854 Interamna
444 2820 482 2865 (j.
506 2820 644 2864 Terni),
671 2820 782 2855 stadt
806 2820 845 2856 in

92 2864 280 2909 Umbriem
301 2867 486 2902 seitwarts
506 2877 579 2901 von
600 2867 665 2902 der
683 2867 747 2903 via
760 2868 845 2903 Fla-

94 2913 212 2949 minia
244 2914 412 2960 gelegen.
463 2914 549 2959 Vgl.
577 2927 620 2949 zu
645 2914 700 2960 Π,
728 2920 783 2959 64,
811 2920 843 2950 3.

966 1442 996 1472 6.
1012 1437 1150 1483 Varus]
1171 1437 1300 1472 Arrius
1310 1437 1428 1472 Varus
1438 1438 1482 1480 (c.
1494 1440 1525 1471 6.
1539 1439 1594 1470 16.
1604 1436 1675 1481 52),

914 1485 1022 1521 nicht
1043 1486 1109 1520 der
1131 1485 1356 1520 Vitellianer
1375 1484 1533 1519 Alfenus
1554 1483 1676 1518 Varus

916 1535 961 1579 (c.
990 1536 1046 1568 36.
1076 1535 1148 1577 55).

960 1592 1100 1626 paucos
1113 1580 1420 1626 repuqnantium]
1444 1580 1513 1614 wie
1529 1590 1560 1614 c.
1577 1583 1633 1622 12,
1655 1583 1675 1613 9

907 1630 1045 1674 paucis
1085 1630 1347 1672 resistentium3
1394 1628 1469 1673 vgl.
1509 1627 1678 1662 daselbst

914 1676 974 1711 die
1001 1677 1111 1712 Anm.

968 1729 998 1761 7.
1023 1725 1167 1771 plures]
1196 1737 1222 1759 s.
1250 1736 1295 1759 zu
1320 1724 1348 1768 Ι,
1375 1727 1432 1766 83,
1461 1727 1493 1758 2.

965 1776 998 1808 8.
1033 1773 1076 1807 in
1101 1772 1239 1818 eastra]
1274 1771 1375 1817 apud
1400 1770 1583 1806 Narniam
1608 1780 1676 1816 po—

918 1820 994 1855 sita
1021 1822 1067 1865 (c.
1095 1824 1166 1864 58).

968 1871 1023 1903 10.
1055 1869 1242 1913 flaqitium
1270 1866 1516 1901 ‘entehrende
1548 1864 1677 1900 Hand.-

917 1916 1026 1960 lung,
1055 1916 1222 1950 ehrloses
1248 1914 1492 1949 Benehmen'.

969 1967 1024 1999 11.
1050 1963 1170 2008 versa]
1199 1964 1294 1997 stat‘c
1318 1962 1504 2004 subversa,
1534 1961 1676 1995 ‘unter-

917 2011 1074 2056 graben’
1109 2011 1179 2045 wie
1214 2011 1246 2051 I,
1276 2014 1313 2051 2,
1345 2013 1398 2043 17.
1457 2008 1542 2054 Vgl.
1569 2010 1676 2053 fluxa

917 2058 962 2101 Π,
992 2062 1046 2094 75.
1073 2059 1138 2102 ΠΙ,
1166 2061 1221 2093 48.
1250 2057 1312 2102 IV,
1340 2061 1396 2092 23.

968 2110 1022 2140 12.
1050 2107 1274 2141 induruerat
1298 2116 1366 2149 pro
1400 2104 1562 2150 Vitellio]
1596 2104 1673 2149 vgl.

916 2154 968 2197 II,
998 2158 1064 2189 101
1099 2155 1240 2189 animos
1273 2153 1474 2188 obstinatos
1505 2163 1578 2198 pro
1612 2152 1675 2187 Vi-

916 2202 1026 2238 tellio.

967 2254 1022 2284 13.
1065 2250 1219 2285 Priscus
1264 2252 1296 2284 et
1334 2247 1512 2294 Alfenus]
1562 2260 1589 2282 s.
1629 2259 1675 2282 zu

916 2308 946 2332 c.
974 2301 1035 2341 55,
1066 2303 1096 2332 1.

966 2349 1020 2381 14.
1065 2346 1245 2381 ecesolvere
1292 2343 1547 2389 ‘entledigen,
1594 2343 1674 2378 eni:-

915 2392 1067 2430 heben'.

964 2440 1028 2476 62.
1057 2445 1088 2475 1.
1117 2440 1263 2475 Fabius
1297 2439 1447 2485 Valens]
1476 2438 1551 2484 vgl.
1575 2449 1604 2473 c.
1627 2442 1672 2474 43

916 2500 948 2524 a.
975 2489 1016 2525 E.

973 2536 1154 2571 Urbinum
1196 2535 1234 2580 (j.
1272 2534 1449 2579 Urbino)⁷
1478 2534 1598 2574 ,Stadia
1634 2534 1674 2568 in

918 2583 1099 2619 Umbrien
1138 2581 1381 2617 siidwestlich
1420 2593 1494 2617 von
1527 2582 1673 2617 Fanum

917 2632 1125 2675 Fortunae,
1163 2630 1340 2665 beriihmt
1378 2630 1581 2675 geworden
1617 2630 1672 2664 als

917 2678 1071 2714 Rafaels
1098 2678 1333 2713 Geburtsort.

966 2730 998 2761 4.
1027 2726 1134 2771 ciere]
1165 2738 1190 2760 s.
1219 2738 1263 2759 zu
1291 2737 1319 2760 c.
1347 2728 1404 2769 41,
1434 2729 1489 2760 17.

968 2778 999 2808 5.
1032 2775 1190 2808 immane
1221 2773 1417 2818 quantum]
1455 2772 1509 2807 als
1542 2771 1673 2806 adver-

918 2822 1038 2857 bialer
1053 2820 1195 2866 Begriff
1212 2819 1352 2865 gesarst
1371 2820 1468 2855 nach
1487 2819 1673 2864 Analogia

917 2880 993 2903 von
1030 2870 1164 2904 mirum
1208 2872 1387 2913 quantum
1431 2865 1672 2912 (θαυμαστὸν

918 2914 1036 2962 ὅσον).
1086 2916 1237 2961 Bel-ger,
1264 2915 1330 2950 iat.
1359 2915 1440 2950 Stil.
1468 2918 1558 2959 §89,
1587 2919 1621 2960 4,
1647 2916 1672 2950 f.

1073 229 1112 263 et
1153 228 1308 262 terrore
1348 222 1530 273 famaque
1570 220 1745 261 auctissl
