1875 3214
638 91 781 126 LIBER
806 90 851 128 V.
904 90 1006 127 CAP.
1034 94 1066 126 5.
1560 89 1647 132 2Οὸ

69 206 288 258 eademque
329 210 389 244 est
421 203 469 243 de
501 204 670 243 infernis
709 204 934 256 persuasio,
975 202 1206 242 caelestium
1246 208 1395 242 contra.
1464 201 1648 253 Aegyptii
1669 211 1701 236 15

68 266 259 319 pleraque
292 264 475 304 animalia
508 264 739 315 effigiesque
773 264 1011 315 compositas
1052 268 1309 314 venerantur,
1348 261 1484 301 Iudaei
1514 269 1647 301 mente

66 325 152 366 sola
194 337 398 377 unumque
437 336 585 363 numen
623 322 879 374 intellegunt:
935 322 1141 375 profanos,
1187 324 1255 373 qui
1294 322 1411 361 deum
1456 323 1648 373 imagines

67 384 303 425 mortalibus
336 385 514 423 materiis
546 385 587 422 in
627 384 783 434 species
821 382 1028 421 hominum
1067 382 1272 435 effingam,
1318 393 1517 421 summum
1551 380 1648 420 illud

68 450 108 484 et
155 450 361 484 aeternum
401 456 531 496 neque
573 441 764 482 imitabile
804 454 934 494 neque
975 443 1244 481 interiturum.
1308 443 1430 492 igitur
1456 440 1563 480 nulla
1597 442 1646 479 si-

67 504 244 544 mulacra
285 503 453 544 urbibus
493 505 594 556 suis,
627 502 773 542 nedum
813 501 972 554 templis
1013 503 1179 554 sistunt,
1223 513 1302 540 non
1342 500 1505 552 regibus
1549 500 1683 539 haec2

65 564 259 617 adulatio,
297 576 378 603 non
410 563 645 603 Caesaribus
677 562 816 602 honor.
880 561 948 601 sed
983 562 1073 613 quia
1113 560 1340 600 sacerdotes
1380 573 1518 599 eorum
1550 559 1648 599 tibia

67 625 344 676 tympanisque
388 622 668 675 concinebant,

66 751 174 796 (est),
214 751 277 786 sed
312 761 438 796 requiri
476 753 708 785 externorum
740 759 820 784 con«

64 797 259 833 suetudine
303 799 362 842 (ex
405 797 578 843 Aegypto
623 797 822 838 translata)

67 846 255 890 differtum
274 846 447 881 odoribus
467 846 647 880 conditur.
687 845 820 887 Quam-

67 904 183 938 quam
221 904 260 928 re
292 903 383 928 vera
416 904 491 928 non
525 896 597 936 est,
643 893 743 937 quod
776 893 821 927 de

65 942 152 986 ipsa
170 941 316 976 ratione
337 951 493 986 corpora
508 941 683 976 odoribus
697 940 821 975 differ-

68 992 110 1024 ta
157 988 377 1032 condiendi,
423 999 497 1033 qua
535 987 712 1034 Aegyptii
739 988 819 1022 ute-

71 1036 228 1080 bantur,
263 1035 424 1081 cogites,
459 1035 524 1070 sed
558 1036 746 1071 discernas
774 1035 820 1070 ab

69 1084 142 1119 hac
168 1082 277 1118 illam
305 1083 413 1128 quasi
440 1083 699 1119 condicionem
725 1094 821 1118 mor-

66 1132 236 1175 tuorum,
258 1143 371 1176 quam
390 1131 548 1166 Iudaeos
568 1131 607 1166 111
627 1131 822 1177 sepultura

68 1178 286 1214 adhibuisse
301 1180 432 1214 auctor
446 1181 502 1213 est
509 1179 695 1215 Iohannes
712 1190 820 1214 evan-

68 1226 221 1285 gelista,
250 1238 335 1262 cum
360 1227 455 1262 haec
475 1225 568 1261 dicit
588 1239 617 1262 e
636 1230 691 1271 19,
707 1231 751 1262 39
767 1238 819 1271 sq.

67 1276 164 1320 ήλθε
193 1272 235 1310 δε
263 1273 328 1309 καὶ
353 1272 576 1318 Νικόδημος
603 1273 820 1319 ..φέρων

69 1323 188 1381 μίγμα
213 1320 377 1381 σμύρνης
396 1321 462 1357 καὶ
476 1319 597 1379 50226779
625 1319 672 1362 ὡς
698 1324 823 1367 λίτρας

71 1367 222 1406 ἑκατόν
275 1368 411 1415 ἔλαβον
446 1369 514 1405 οὐν
540 1368 582 1404 τὸ
605 1370 722 1427 σῶμα
754 1370 821 1404 τοῦ

65 1415 196 1474 Ἰησοῦ
235 1416 302 1452 καὶ
318 1417 482 1474 ''ls'drjaocv
524 1414 617 1452 αὐτὸ
652 1414 824 1458 ὀθονίοις

68 1462 164 1525 μετὰ
199 1465 273 1500 τῶν
306 1462 535 1524 ἀρωμάτων,
562 1463 696 1505 καθώς
732 1463 823 1505 ἔθος

71 1510 149 1549 ἐστὶ
191 1517 270 1553 τοῖς
311 1510 519 1553 ἩΙουὸαιοις
565 1509 822 1557 ἐνταφιάζειν.

71 1560 351 1607 Vg1.Bunseni
376 1559 581 1596 bibliorum
607 1572 700 1606 opus
735 1560 821 1605 (vol.

68 1609 121 1644 IV
147 1620 183 1654 p.
212 1610 308 1652 271),
341 1608 406 1643 ubi
438 1609 532 1643 haec
558 1608 750 1653 leguntur:
785 1619 823 1642 63

69 1656 174 1691 ward
224 1655 390 1691 namlich
435 1655 703 1701 Myrrhenharz
747 1655 824 1690 und

72 1702 252 1739 Aloeholz
277 1701 518 1749 pulverisiert
543 1703 729 1739 zwischen
762 1703 823 1739 die

68 1751 217 1786 Binden
256 1751 408 1796 gethan.
459 1751 668 1795 Utrumque
707 1762 823 1797 genus

74 1799 274 1836 condiendi
306 1810 329 1834 a
352 1797 485 1834 Tacito
521 1798 717 1835 confusum
743 1810 823 1833 esse

73 1858 149 1882 non
181 1848 240 1882 est
266 1846 369 1892 quod
394 1846 552 1882 mireris.
581 1867 624 1872 -—
652 1846 728 1881 Der
754 1846 822 1881 Inf.

69 1895 140 1930 wie
160 1894 205 1929 A.
224 1894 271 1939 H,
292 1898 338 1929 55
361 1894 549 1939 praeverti
568 1894 618 1929 ad
631 1894 825 1929 Armenios

67 1942 272 1978 instantior
292 1952 384 1977 cura
403 1942 500 1985 fuit,·
525 1940 620 1976 Plin.
644 1952 700 1986 ep.
716 1941 760 1984 V,
782 1944 824 1975 10

69 1990 142 2027 erit
179 1989 270 2025 mihi
303 2000 412 2024 curae
450 1989 640 2034 explorare
674 1989 825 2034 provin-

72 2038 152 2074 ciae
176 2038 411 2073 voluntatem.
446 2036 596 2072 Ebenso
622 2036 673 2071 ist
692 2037 825 2081 cupido

69 2088 150 2121 erat
180 2084 223 2120 A.
250 2083 349 2128 XIV,
378 2087 423 2118 14
454 2084 653 2129 mady-atio
679 2085 755 2127 fuit
779 2084 824 2118 H.

70 2132 136 2178 111,
158 2136 202 2168 22
229 2131 472 2167 konstruiert.
524 2130 625 2167 Uber
651 2131 711 2167 die
730 2133 826 2167 Aus-

70 2181 224 2226 lassung
250 2180 314 2215 des
333 2179 600 2225 Komparativs
625 2191 692 2215 vor
717 2191 825 2225 quam

70 2240 100 2264 s.
119 2240 166 2264 zu
190 2227 256 2273 111,
284 2231 340 2271 70,
368 2231 400 2263 6.

127 2291 182 2322 15.
196 2287 392 2332 persuasio
413 2285 603 2330 ‘Glaube’,
625 2286 695 2321 wie
711 2286 752 2321 G.
767 2290 824 2321 45.

119 2345 340 2391 caelestium]
361 2345 428 2380 der
441 2345 722 2390 Abwechslung
746 2345 827 2379 hal-

71 2395 138 2429 ber
187 2394 282 2429 stati.
330 2393 373 2428 de
404 2393 634 2435 caelestibus,·
703 2404 730 2427 3.
785 2405 828 2427 zu

70 2454 102 2477 c.
131 2444 188 2486 15,
217 2444 271 2475 13.

122 2499 266 2546 contra]
302 2499 374 2533 Zur
399 2499 631 2543 Verbretung
657 2499 721 2533 des
742 2498 828 2533 Pr‘a-

74 2549 201 2584 dikats
228 2547 346 2582 durch
373 2548 433 2582 6111
453 2546 603 2581 Adverb
623 2546 697 2590 vgl.
718 2546 762 2590 11,
785 2550 828 2582 97

73 2597 360 2642 experimentum
379 2598 507 2630 omitia
526 2595 610 2638 fuit.
651 2594 828 2640 Draeger,

76 2644 180 2688 synt.
207 2647 226 2686 ς
253 2646 308 2679 33.

126 2701 181 2732 16.
216 2697 391 2741 pleraque
419 2695 619 2741 animalia]
656 2696 699 2730 ut
728 2694 827 2741 Apin

74 2745 222 2789 bovem,
247 2742 427 2779 Mendeta
458 2754 630 2787 caprum,
670 2743 826 2778 arietem

78 2773 300 2827 Hammonis
329 2802 490 2834 sacrum,
519 2790 759 2826 6106οᾶ1111111.

123 2845 260 2892 effiyies
299 2843 531 2890 compositas]
585 2855 633 2881 sc.
673 2855 717 2880 ex
758 2845 824 2879 hu-

73 2903 187 2928 mana
223 2891 347 2937 specie
374 2893 411 2927 et
437 2890 656 2927 animalium
680 2891 825 2937 formis,

726 622 874 661 hedera
919 621 1196 660 vinciebantur
1235 622 1405 672 vitisque
1448 632 1568 659 aurea
1607 622 1647 658 in

895 748 1016 783 veluti
1041 748 1292 783 Hammonem
1318 746 1488 790 arietino,
1511 746 1648 782 Isidem

895 796 1048 839 bubulo,
1076 794 1226 830 Anubin
1255 794 1387 830 canino
1415 794 1551 839 capite.

943 848 1058 879 mente
1104 843 1197 889 sola]
1244 843 1330 888 Vgl.
1377 842 1437 877 die
1473 841 1648 876 {ihnliche

895 890 1126 936 Auffassung
1153 890 1194 925 G.
1217 894 1237 925 9
1264 892 1413 925 deorum
1438 889 1650 924 nominibus

895 940 1085 984 appellant
1111 943 1284 973 secretum
1309 939 1422 981 illud,
1449 938 1545 982 quod
1570 938 1649 972 sola

895 988 1097 1021 reverentia
1123 987 1255 1021 vident.
1316 985 1371 1019 Im
1398 985 1649 1031 allgemeinen

896 1033 1044 1069 freilich
1077 1033 1209 1068 wusste
1242 1045 1328 1069 man
1362 1033 1442 1068 sich
1474 1032 1513 1067 in
1546 1032 1648 1067 diese

895 1082 1037 1117 reinere
1054 1081 1422 1126 Gottesvorstellung
1443 1081 1508 1115 der
1527 1079 1549 1114 J
1552 1079 1649 1114 uden

896 1141 936 1165 so
971 1130 1095 1175 wenig
1121 1142 1165 1163 zu
1192 1130 1337 1172 finden,
1370 1128 1451 1163 dass
1477 1128 1649 1171 Juvenal,

897 1177 1048 1222 Strabo,
1090 1177 1217 1211 Celsus
1258 1177 1350 1211 alles
1383 1177 1537 1211 Ernstes
1570 1187 1648 1211 ver-

896 1225 1053 1268 sichem,
1069 1224 1423 1259 dieselbenbe‘teten
1433 1224 1503 1259 den
1512 1223 1649 1259 blauen

894 1272 1060 1307 Himmel
1089 1284 1153 1307 an:
1184 1272 1260 1308 Iuv.
1281 1271 1380 1315 XIV,
1403 1275 1446 1306 97
1467 1272 1524 1307 ml
1537 1282 1646 1316 prae-

898 1324 951 1355 ter
982 1321 1095 1356 nubes
1125 1324 1157 1355 et
1189 1321 1280 1355 caeli
1311 1331 1445 1356 numen
1478 1320 1648 1355 adorant.

899 1367 971 1404 Str.
1021 1368 1119 1411 XVI,
1176 1371 1208 1402 2.
1259 1366 1332 1402 Ein
1388 1367 1650 1402 unsichtbares

897 1415 1074 1451 hochstes
1094 1416 1234 1450 &Vesen
1254 1428 1298 1450 zu
1319 1416 1502 1450 verehren
1522 1414 1651 1450 schien

898 1463 971 1498 den
998 1462 1144 1499 Heiden
1176 1463 1236 1499 ein
1268 1467 1500 1498 monstroser
1536 1463 1650 1497 Aber—

897 1511 1034 1556 glaube
1060 1511 1137 1545 und.
1163 1510 1246 1545 eine
1272 1511 1473 1546 unerhorte
1499 1510 1651 1545 Leicht-

897 1558 1149 1604 glaubigkeit.
1185 1557 1318 1594 Credat
1337 1557 1502 1593 Iudaeus
1515 1558 1649 1603 Apella

898 1609 1006 1651 sagte
1034 1606 1167 1641 darum
1192 1606 1258 1642 das
1288 1606 1519 1650 Sprichwort
1545 1605 1648 1650 (Hor.

899 1656 967 1689 sat.
994 1653 1021 1698 I,
1049 1657 1082 1698 5,
1112 1656 1205 1698 100).

949 1705 1002 1738 17.
1035 1703 1220 1747 profanus
1245 1703 1321 1745 est,
1349 1702 1413 1746 qui
1440 1712 1546 1736 sacra
1572 1701 1650 1736 vul-

898 1760 988 1794 gare
1007 1749 1131 1793 audet,
1146 1749 1245 1784 idem
1261 1749 1350 1793 fere,
1366 1749 1466 1793 quod
1480 1750 1650 1792 nefarias

899 1799 937 1832 et
959 1798 1103 1841 impius.
1132 1797 1184 1831 Zu
1199 1798 1381 1841 profanos
1401 1800 1558 1841 erganze
1579 1807 1652 1832 esse

899 1846 943 1888 (s.
971 1856 1015 1879 zu
1041 1844 1103 1887 IV,
1132 1848 1187 1888 14,
1216 1848 1285 1888 11).

950 1895 1004 1926 18.
1031 1891 1262 1938 mortalibus]
1291 1904 1317 1927 3.
1346 1903 1390 1926 zu
1416 1895 1505 1934 c.4‚
1536 1894 1589 1927 15

946 1940 988 1974 in
1013 1939 1147 1984 species
1171 1939 1374 1984 hominum]
1405 1939 1438 1974 d.
1460 1938 1648 1984 11113116-

900 1987 975 2022 cies
1001 1987 1195 2021 hominum
1221 1987 1324 2027 fiant,
1354 1987 1406 2020 ‘in
1433 1986 1651 2021 Menschen·

900 2034 1070 2089 gestalt’.
1109 2025 1210 2069 Uber
1225 2035 1353 2070 diesen
1369 2033 1565 2069 Gebrauch
1579 2046 1652 2069 von

898 2083 941 2117 in
967 2094 994 2117 s.
1022 2082 1118 2125 zuI,
1145 2084 1202 2126 87,
1230 2086 1261 2117 5.

949 2133 1005 2164 20.
1033 2130 1086 2164 Zu
1106 2129 1178 2164 den
1191 2129 1276 2164 Abl.
1298 2129 1452 2164 urbibus
1471 2129 1548 2163 und
1568 2132 1652 2164 tem-

893 2178 971 2223 plis
996 2177 1072 2222 vgl.
1097 2176 1140 2212 A.
1162 2176 1260 2219 XIV,
1289 2181 1332 2212 61
1363 2176 1535 2212 Octaviae
1560 2178 1651 2212 ima-

899 2226 1001 2271 gines
1028 2253 1035 2259 .
1059 2253 1065 2259 .
1090 2253 1095 2259 .
1123 2225 1204 2267 foro
1231 2235 1274 2259 ac
1300 2225 1442 2269 templis
1469 2228 1651 2261 statuunt.

950 2277 1006 2307 21.
1034 2273 1202 2307 adulatio
1231 2272 1494 2317 ‘Huldigung'.

950 2325 1006 2355 22.
1057 2321 1189 2355 hedera
1244 2320 1517 2366 vinciebantur]
1570 2319 1652 2355 eine

901 2368 1045 2403 falsche
1065 2367 1286 2412 Auslegung
1307 2368 1371 2402 des
1392 2367 1651 2403 Laubhfitten-

902 2415 1017 2450 sestes
1050 2416 1090 2459 (s.
1117 2414 1236 2449 Lavit.
1264 2418 1322 2459 23,
1348 2416 1421 2460 40).
1474 2416 1557 2461 Vgl.
1592 2414 1652 2450 die

903 2463 1083 2498 albernen
1107 2462 1311 2497 Fabeleien
1341 2462 1403 2497 bei
1428 2462 1527 2498 Plut.
1555 2475 1651 2508 sym-

902 2522 981 2555 pos.
1008 2509 1071 2555 IV,
1100 2513 1131 2555 6,
1153 2513 1173 2545 2
1194 2510 1287 2545 fiber
1306 2510 1365 2546 die
1385 2510 1567 2547 identitat
1588 2510 1652 2547 des

902 2559 1072 2594 Bacchus
1098 2540 1169 2592 mit
1194 2557 1280 2593 dem
1306 2558 1483 2594 Zebaoth.

950 2607 1102 2651 vitisque
1116 2605 1246 2656 aurea]
1268 2605 1342 2651 vgl
1358 2606 1504 2650 Ioseph.
1524 2606 1557 2641 b.
1573 2606 1650 2641 Iud.

902 2653 946 2711 V,
981 2657 1014 2698 5,
1047 2657 1068 2687 4
1102 2656 1177 2697 εἶχε
1221 2652 1263 2688 δὲ
1301 2667 1367 2688 και
1405 2651 1473 2693 τὰς
1514 2654 1654 2698 χρυσᾶς

900 2714 1023 2758 υπερ
1030 2696 1146 2744 αὐτῆς
1179 2701 1259 2745 (τῆς
1293 2700 1423 2745 πύλης)
1451 2698 1652 2746 ἀμπέλους,

901 2746 967 2805 ἀφ
998 2749 1049 2783 ὡν
1078 2747 1233 2795 βότρυες
1259 2744 1517 2793 ἀνδρομήκεις
1543 2761 1650 2784 κατε-

900 2794 1097 2841 κρέμαντο.
1136 2795 1235 2830 Flor.
1259 2795 1319 2839 III,
1341 2800 1372 2838 5,
1395 2799 1450 2831 30.
1485 2795 1652 2831 Herodes

899 2844 1005 2879 hatte
1033 2843 1106 2878 den
1132 2842 1324 2878 Rebstock
1349 2824 1441 2879 iiber
1467 2844 1532 2878 der
1551 2842 1654 2878 Thur

900 2890 1293 2936 zumAllerheiligsten
1303 2891 1509 2936 aubi-ingen
1518 2891 1651 2927 lassen.
