1875 3214
620 122 768 157 LIBER
795 122 859 157 ΙΙΙ.
913 122 1016 158 CAP.
1044 126 1172 158 s-1o.
1638 121 1690 162 11

105 234 285 274 Messalla
311 241 510 286 praeerat,
545 233 663 273 claris
691 234 927 288 maioribus,
955 236 1139 287 egregius
1165 236 1251 287 ipse
1280 241 1319 274 et
1346 236 1415 287 qui
1442 235 1551 274 solus
1578 235 1626 274 ad
1653 235 1693 275 id

109 294 258 334 bellum
291 299 396 334 artes
428 294 552 333 bonas
586 293 796 333 attulisset.
854 294 925 333 has
958 295 1005 334 ad
1034 296 1168 346 copias
1194 307 1447 347 nequaquam
1473 294 1692 335 Vitellianis

107 360 226 406 pares
259 351 427 406 (quippe
467 360 551 393 tres
590 353 718 392 adhuc
758 353 936 405 legiones
975 352 1108 409 erant)
1147 356 1256 395 misit
1295 355 1486 407 epistulas
1513 354 1693 407 Caecina,

104 415 375 454 temeritatem
407 415 510 453 victa
531 425 638 452 arma
666 415 970 453 retractantium
996 416 1198 454 incusans.
1244 415 1363 454 simul
1384 417 1511 454 virtus
1532 415 1693 454 Germa-
1714 425 1747 451 15

102 475 184 513 nici
217 475 421 513 exercitus
452 472 637 512 laudibus
667 473 932 526 attollebatur,
967 474 1113 513 Vitellii
1141 474 1295 514 modica
1329 480 1368 514 et
1400 475 1553 526 vulgari
1581 488 1692 514 men-

104 535 231 586 tione,
263 533 370 573 nulla
391 534 433 572 in
466 532 751 585 Vespasianum
772 534 1031 574 contumelia:
1063 534 1163 574 nihil
1183 547 1361 587 prorsuS,
1390 535 1495 586 quod
1518 541 1585 574 aut
1606 547 1692 574 cor-

103 598 312 644 rumperet
344 593 499 632 hostem
533 599 600 632 aut
633 598 816 632 terreret.

102 654 250 704 prioris
295 653 478 692 fortunae
523 653 754 692 defensione
800 666 871 705 pro
911 653 1150 705 Vespasiano
1190 655 1416 707 magnifice,

881 593 1158 634 Flavianarum
1190 596 1365 646 partium
1393 595 1516 634 duces
1547 597 1693 635 omissa

1460 667 1532 706 pro
1574 667 1693 694 causa

103 712 293 765 fidenter,
341 713 390 752 de
435 714 543 752 exitu
585 714 736 765 securi,
780 714 821 752 in
860 713 1061 753 Vitellium
1100 719 1145 754 ut
1177 716 1330 753 inimici
1369 727 1691 768 praesumpsere,
1712 729 1747 755 20

104 772 207 812 facta
240 772 415 812 tribunis
448 772 834 824 centurionibusque
868 774 1085 827 retinendi,
1120 786 1220 826 quae
1242 773 1425 813 Vitellius
1446 774 1691 828 indulsisset,

102 834 195 885 spe,
235 837 355 884 atque
381 834 513 884 ipsum
549 832 758 872 Caecinam
784 845 864 872 non
901 833 1071 873 obscure
1100 834 1147 872 ad
1174 835 1454 873 transitionem
1479 834 1691 874 hortaban-

102 897 180 931 tur.
235 893 424 931 recitatae
457 904 530 944 pro
563 894 748 932 contione
782 893 976 944 epistulae
1004 894 1192 933 addidere
1225 894 1429 942 fiduciam,
1466 895 1573 945 quod
1601 894 1692 934 sub-

104 953 226 990 misse
260 951 429 991 Caecina
461 952 570 991 velut
602 952 803 991 offendere
836 952 1124 1004 Vespasianum
1158 955 1323 1006 timens,
1356 955 1536 1006 ipsorum
1569 954 1692 994 duces

104 1013 364 1063 contemptim
396 1017 599 1064 tamquam
630 1012 869 1052 insultantes
901 1012 1057 1052 Vitellio
1092 1015 1360 1064 scripsissent.

223 1071 406 1110 Adventu
439 1071 582 1111 deinde
622 1072 791 1111 duarum
830 1072 1053 1124 legionum,
1100 1085 1120 1112 e
1161 1073 1306 1124 quibus
1352 1075 1511 1112 tertiam
1550 1073 1692 1114 Dillius
1711 1079 1765 1122 10

101 1131 354 1183 Aponianus,
393 1137 570 1170 octavam
609 1131 815 1171 Numisius
848 1132 985 1184 Lupus
1019 1132 1236 1185 ducebant,
1279 1138 1482 1172 ostentare
1515 1135 1620 1173 vires
1653 1140 1693 1174 et

99 1189 263 1229 militari
295 1190 394 1229 vallo
428 1190 623 1230 Veronam
656 1191 907 1231 circumdare
933 1192 1094 1243 placuit.

1159 1193 1259 1231 forte
1295 1192 1505 1232 Galbianae
1545 1193 1693 1246 legioni

99 1250 141 1289 in
168 1249 334 1289 adversa
361 1250 491 1289 fronte
518 1250 609 1289 valli
636 1263 737 1302 opus
764 1257 953 1304 cesserat,
975 1257 1014 1291 et
1041 1253 1115 1291 visi
1142 1252 1283 1303 procul
1311 1254 1511 1292 sociorum
1534 1255 1691 1305 equites

100 1321 241 1348 vanam
274 1309 528 1348 formidinem
568 1316 613 1349 ut
655 1310 790 1350 hostes
823 1311 967 1350 fecere.

1030 1313 1243 1363 rapiuntur
1279 1324 1386 1351 arma
1414 1319 1523 1352 metu
1556 1314 1691 1365 prodi·
1712 1332 1728 1358 5

104 1369 238 1408 tionis.
288 1370 347 1407 ira
380 1369 551 1408 militum
579 1371 619 1408 in
648 1369 857 1422 Tampium
885 1370 1113 1410 Flavianum
1147 1371 1348 1424 incubuit,
1375 1372 1483 1411 nullo
1511 1374 1691 1413 criminis

101 1434 356 1481 argumento,
403 1429 472 1468 sed
512 1430 589 1468 iam
628 1430 784 1480 pridem
828 1431 980 1470 invisus
1020 1430 1182 1470 turbine
1223 1432 1394 1483 quodam
1434 1432 1481 1471 ad
1525 1435 1691 1473 exitium

151 1559 207 1590 12.
234 1558 267 1590 et
293 1556 358 1600 qui
377 1584 384 1591 .
403 1584 409 1590 .
427 1584 433 1590 .
455 1553 653 1602 attulissei]
690 1555 859 1601 Uberall‚

99 1613 157 1638 wo
181 1602 242 1637 ein
265 1602 497 1638 Relativsatz
517 1604 587 1638 mit
610 1604 732 1639 einem
753 1604 859 1639 attri-

99 1649 260 1686 butiven
273 1651 457 1696 Adjektiv
477 1652 566 1686 oder
580 1652 748 1696 Particip
771 1652 861 1687 oder

101 1697 173 1733 mit
218 1698 322 1733 einer
359 1698 586 1744 Apposition
625 1699 861 1735 koordiniert

98 1745 212 1789 wird,
252 1747 348 1781 setzt
379 1745 465 1782 Tae.
500 1746 573 1781 den
611 1746 859 1793 Konjunktiv.

100 1792 149 1828 So
176 1793 293 1829 sehon
320 1793 461 1829 Cicero.
515 1793 549 1829 S.
577 1807 623 1829 zu
648 1794 675 1838 I,
705 1799 759 1837 10,
787 1799 819 1830 9.

148 1844 203 1876 13.
249 1845 346 1877 artes
390 1842 519 1888 bonas]
569 1842 674 1888 ‘gute
718 1842 854 1887 Eigen-

98 1888 300 1933 schaften’3
327 1889 402 1933 vgl.
418 1902 447 1925 c.
464 1894 509 1925 86
529 1891 655 1925 studia
676 1891 856 1925 exercitus

96 1947 184 1972 raro
215 1937 389 1981 cuiquam
428 1938 532 1972 bonis
564 1938 709 1972 artibus
746 1949 855 1982 quae-

95 1984 190 2027 sita;
215 1983 279 2025 IV,
308 1988 326 2018 1
347 1995 431 2029 pax
450 1988 483 2019 et
507 1986 609 2029 quies
635 1985 739 2019 bonis
765 1986 855 2019 arti-

98 2031 167 2066 bus
190 2032 380 2077 indigem,-
406 2032 449 2067 A.
471 2031 535 2075 111,
559 2035 602 2066 70
625 2033 739 2067 bonas
759 2032 858 2067 domi

97 2078 137 2124 (i.
160 2089 190 2114 e.
212 2079 409 2124 privatim)
429 2083 546 2122 artes‚·
571 2078 667 2122 XVI,
690 2083 746 2116 32.
782 2081 856 2114 An-

101 2126 187 2161 ders
214 2127 242 2170 I,
271 2130 326 2170 17,
353 2130 386 2162 8.

150 2177 205 2209 14.
233 2175 321 2220 tres]
348 2174 418 2209 VII
439 2174 637 2219 Galbiana,
659 2174 728 2209 VII
749 2174 856 2210 Clau·

101 2220 228 2266 diana,
253 2221 341 2256 XIII
368 2221 535 2257 Gemina.
590 2223 625 2258 S.
652 2235 695 2257 zu
722 2223 758 2259 Z.
787 2226 819 2258 6.

148 2273 202 2304 15.
218 2273 419 2305 retractare
431 2270 586 2305 ‘wieder
599 2270 855 2314 aufnehmen'‚

98 2316 306 2361 eigentlich
336 2317 492 2353 ‘wieder
516 2317 774 2353 handhaben’.

149 2363 366 2400 Germanici
390 2366 585 2412 eaeercitus]
615 2365 686 2400 wie
706 2365 735 2411 I,
758 2370 813 2410 70,
835 2370 856 2401 8

97 2421 173 2446 von
218 2411 290 2446 den
332 2412 523 2457 Legionen
562 2414 626 2448 des
665 2414 855 2458 Vitellius,

97 2458 160 2493 die
180 2457 262 2494 ihre
283 2458 595 2504 Standquartiere
620 2461 660 2495 in
680 2461 753 2496 den
773 2472 855 2507 ger·

98 2506 322 2542 manischen
341 2506 549 2542 Provinzen
569 2508 713 2543 hatten.
755 2509 790 2545 S.
811 2520 855 2543 zu

98 2564 130 2589 c.
160 2557 190 2596 1,
218 2558 250 2589 6.
301 2554 448 2589 Anders
475 2566 503 2590 c.
532 2558 565 2597 8,
594 2559 626 2592 9,

149 2605 204 2637 16.
224 2602 375 2647 vulyari
393 2602 588 2648 mentione]
607 2602 720 2638 ‘ohne
740 2604 854 2638 nach-

98 2648 319 2684 driickliche
345 2649 616 2695 Erwahnung’.
667 2650 752 2696 Vgl.
780 2651 854 2686 Cio.

105 2696 153 2730 ad
179 2697 266 2731 fam.
294 2697 321 2741 Ι,
349 2701 381 2739 3,
409 2701 429 2732 2
458 2709 538 2732 eum
563 2699 619 2732 ita
644 2701 788 2742 tractes,
814 2703 857 2734 ut

102 2743 288 2789 intelligat
341 2756 457 2779 meam
513 2747 856 2782 commendationem

97 2800 174 2825 non
198 2792 386 2837 vulyarem
410 2793 535 2835 fuisse.

147 2841 204 2872 20.
229 2840 523 2885 praesumpsere]
563 2839 640 2875 Aus
666 2841 752 2876 dem
778 2842 856 2876 bei-

100 2886 295 2930 gesetzten
334 2889 375 2921 ut
410 2888 555 2922 inimici
592 2888 738 2934 ergiebt
776 2890 856 2924 sich

97 2932 153 2967 als
189 2932 330 2979 Objekt
360 2935 500 2978 probra
538 2938 571 2970 et
608 2938 855 2972 contumelias.

933 1556 1137 1592 Doderlein
1178 1557 1279 1593 zieht
1312 1570 1376 1593 zur
1408 1559 1692 1605 Vergleichung

933 1605 1045 1650 Verg.
1079 1604 1171 1640 Aen.
1205 1606 1256 1651 ΙΙ,
1292 1610 1309 1640 1
1344 1608 1546 1642 conticuere
1572 1618 1693 1644 omnes

933 1653 1138 1698 intentique
1176 1664 1242 1688 ora
1278 1656 1448 1690 tenebant
1483 1656 1594 1699 (stati,
1625 1666 1692 1691 ora

933 1701 1092 1745 intenta)
1117 1702 1244 1736 heran.
1284 1702 1374 1737 Dass
1396 1703 1449 1738 sie
1470 1703 1548 1738 sich
1568 1714 1692 1749 gegen

934 1748 1112 1783 Vitellius
1151 1760 1304 1795 vorweg
1342 1750 1412 1785 wie
1451 1750 1690 1796 pe1·s6nliehe

933 1795 1075 1831 Feinde
1099 1798 1365 1841 aussprachen,
1393 1798 1444 1833 ist
1468 1798 1539 1833 mit
1565 1799 1691 1845 Bezug

929 1844 996 1878 auf
1014 1844 1073 1878 die
1095 1844 1227 1879 Worte
1241 1846 1347 1881 nidla
1362 1847 1404 1881 in
1423 1846 1691 1891 Vespasianum

930 1892 1149 1926 contumelia
1176 1895 1320 1937 gesagt.
1372 1893 1414 1927 In
1441 1894 1558 1929 etwas
1579 1894 1691 1929 ande-

929 1949 1009 1972 rem
1031 1938 1143 1972 Sinne
1165 1939 1266 1973 steht
1282 1951 1512 1983 praesumere
1531 1942 1557 1984 I,
1580 1945 1635 1985 62,
1657 1946 1689 1976 6.

979 1989 1035 2021 21.
1058 1997 1150 2030 quae
1169 1986 1339 2022 Vitellius
1358 1989 1586 2035 indulsisset]
1612 1988 1690 2024 ‘die

930 2032 1289 2079 Vergiinstigungen
1315 2036 1380 2070 des
1408 2035 1616 2072 Vitellius’.

981 2084 1037 2115 23.
1054 2092 1127 2125 pro
1148 2082 1330 2128 contione]
1354 2094 1403 2119 se.
1425 2083 1592 2119 militum
1606 2084 1690 2119 Fla-

933 2129 1141 2163 vianorum.
1196 2129 1229 2163 S.
1258 2142 1304 2164 zu
1329 2130 1393 2174 IV,
1420 2135 1478 2175 24,
1508 2136 1563 2166 16.

978 2177 1154 2219 fiduciam
1193 2178 1328 2213 addere
1365 2178 1447 2214 ‘das
1481 2178 1689 2216 Selbstver-

931 2225 1065 2258 trauen
1093 2225 1290 2261 erhohen'.

931 2319 955 2353 d
979 2276 1035 2306 24.
1068 2273 1258 2319 submisse]
1289 2273 1492 2320 ‘demiitig,
1519 2275 1687 2311 beschei-

959 2320 1033 2355 en’.

980 2367 1042 2403 10.
1067 2371 1097 2402 1.
1120 2368 1294 2414 adventu]
1317 2369 1442 2405 Madv,
1463 2373 1482 2412 ἓ
1503 2373 1572 2405 276
1593 2370 1637 2406 A.
1653 2374 1688 2406 2.

929 2415 1107 2458 Heraeus,
1137 2415 1308 2461 Schulgr.
1335 2420 1354 2458 ξ
1379 2420 1458 2461 141,
1481 2428 1513 2452 a.
1529 2418 1637 2453 Anm.
1653 2423 1685 2453 3.

978 2466 1011 2498 3.
1025 2463 1197 2508 militari]
1217 2463 1466 2510 ‘feldmassig'
1480 2465 1533 2499 im
1542 2465 1687 2511 Gegen-

931 2512 1007 2545 satz
1043 2523 1087 2545 zu
1120 2511 1186 2545 der
1217 2511 1525 2556 vorgefundenen
1559 2512 1685 2549 stadt-

929 2569 1070 2593 mauer.

978 2609 1011 2640 4.
1045 2605 1215 2651 adversa]
1259 2606 1360 2641 ‘dem
1400 2607 1540 2643 Feinde
1578 2620 1686 2655 zuge-

930 2653 1087 2688 wandt’.

977 2701 1068 2735 valli
1094 2711 1186 2745 opus
1211 2702 1377 2748 cesserat]
1414 2702 1490 2738 ‘die
1525 2702 1686 2738 Schanz·

930 2748 1052 2783 arbeit
1077 2759 1156 2782 war
1181 2749 1422 2793 zugefallen’.

979 2800 1011 2831 6.
1038 2796 1224 2842 incubuit]
1256 2797 1368 2831 ‘warf
1389 2797 1468 2832 sich
1488 2797 1580 2839 auf²;
1609 2797 1684 2843 vgl.

931 2854 960 2877 c.
989 2846 1046 2887 29,
1075 2847 1106 2877 2.
1134 2847 1191 2886 32,
1219 2847 1251 2878 5.

981 2894 1011 2925 7.
1051 2891 1198 2942 turbine
1223 2891 1397 2938 quodam]
1427 2892 1462 2927 d.
1489 2892 1513 2927 i.
1540 2893 1687 2938 impetu

931 2940 1139 2982 repentmo.
