1875 3214
569 114 717 150 LIBER
742 114 803 149 ΙΙΙ.
857 114 958 150 CAP.
988 119 1139 152 38—41.
1590 111 1646 154 39

191 228 334 267 Fabius
371 228 531 266 interim
570 225 711 265 Valens
750 226 873 266 multo
919 240 962 267 ac
1002 227 1110 267 molli
1155 226 1468 267 concubinarum
1509 226 1648 277 spado·
1662 222 1722 264 40

70 300 246 340 numque
279 289 434 339 agmine
467 287 627 338 segnius
661 297 778 338 quam
811 287 859 325 ad
892 287 1040 326 bellum
1066 287 1268 338 incedens,
1300 286 1498 339 proditam
1525 298 1544 325 a
1572 285 1648 325 Lu-

65 348 161 388 cilio
194 347 312 386 Basso
352 346 619 385 Ravennatem
659 345 825 384 classem
865 347 1096 397 pernicibus
1135 348 1287 386 nuntiis
1326 348 1490 398 accepit.
1543 354 1582 385 et
1613 346 1649 384 si

69 412 254 459 coeptum
285 408 362 445 iter
394 410 666 457 properasset,
708 411 915 445 nutantem
948 406 1157 446 Caecinam
1195 407 1429 458 praevenire
1463 411 1531 445 aut
1557 411 1647 444 ante

67 467 282 506 discrimen
313 477 469 517 pugnae
503 465 668 516 adsequi
700 464 876 515 legiones
908 467 1123 517 potuisset:
1162 478 1235 505 nec
1270 466 1435 504 deerant
1468 466 1536 517 qui
1564 477 1644 504 mo·
1667 471 1685 497 5

68 531 228 578 nerent,
261 531 305 564 ut
337 537 428 564 cum
461 524 664 563 fidissimis
697 536 769 575 per
803 525 980 564 occultos
1009 528 1188 565 tramites
1216 527 1334 564 vitata
1366 525 1551 563 Ravenna
1572 524 1648 563 Ho-

65 585 212 625 stiliam
245 583 527 624 Cremonamve
559 588 757 635 pergeret.
801 585 886 624 aliis
919 585 1099 636 placebat
1137 587 1274 624 accitis
1315 597 1362 623 ex
1401 584 1501 623 urbe
1536 595 1648 635 prae-

67 646 182 684 toriis
215 643 446 683 cohortibus
479 643 604 682 valida
643 655 763 682 manu
796 656 1075 696 perrumpere:
1109 647 1193 696 ipse
1226 644 1359 683 inutili
1392 645 1647 683 cunctatione

64 703 210 756 agendi
240 709 419 755 tempora
452 702 713 742 consultando
747 706 1013 757 consumpsit3
1053 717 1142 743 mox
1182 710 1399 755 utrumque
1436 702 1647 742 consilium

63 769 322 816 aspernatus,
361 762 467 814 quod
505 764 610 801 inter
649 764 836 814 ancipitia
869 764 1127 803 deterrimum
1171 770 1248 815 est,
1294 763 1386 802 dum
1426 763 1554 801 media
1589 774 1646 801 se·
1668 771 1703 797 10

64 825 225 875 quitur,
258 834 332 861 nec
364 834 485 861 ausus
519 828 579 861 est
611 823 707 861 satis
739 835 813 862 nec
845 824 1029 875 providit.

185 881 317 921 Missis
349 881 396 921 ad
429 881 630 921 Vitellium
662 881 806 922 litteris
840 883 1029 922 auxilium
1063 883 1247 934 postulat.
1299 894 1444 921 venere
1472 887 1554 920 tres
1582 880 1719 921 co-4l

66 942 201 981 hortes
234 953 325 981 cum
357 941 416 980 ala
448 941 693 993 Britannica,
727 954 857 994 neque
891 942 938 982 ad
971 942 1185 982 fallendum
1219 948 1333 994 aptus
1361 953 1553 981 numerus
1580 953 1648 980 ne·

62 1014 143 1054 que
176 1001 223 1040 ad
257 1001 556 1053 penetrandum.
616 1001 684 1039 sed
717 1001 858 1041 Valens
891 1015 940 1041 ne
981 1004 1020 1041 in
1060 1009 1169 1041 tanto
1211 1002 1370 1054 quidem
1417 1001 1647 1040 discrimine

63 1061 224 1100 infamia
257 1061 404 1112 caruit,
444 1073 521 1112 quo
560 1062 694 1100 minus
726 1074 867 1113 rapere
900 1062 1071 1101 inlicitas
1105 1062 1327 1113 voluptates
1361 1061 1648 1113 adulteriisque

63 1132 110 1160 ac
157 1121 307 1172 stupris
351 1119 530 1171 polluere
576 1120 779 1172 hospitum
822 1121 963 1161 domus
1003 1121 1254 1161 crederetur:
1302 1121 1465 1160 aderant
1504 1122 1563 1159 vis
1608 1125 1681 1160 et‘

113 1246 179 1282 40.
208 1250 238 1281 1.
260 1246 421 1292 Fabius]
449 1245 549 1282 Uber
572 1247 700 1282 seinen
721 1248 817 1282 Cha·

62 1293 194 1376 {alkter
212 1294 290 1328 und
309 1294 603 1330 Lebenswandel
623 1295 697 1340 vgl.
718 1296 744 1338 I,
761 1299 817 1331 66.

113 1393 146 1424 2.
176 1389 378 1435 proditam]
409 1388 695 1435 ‘ausgeliefert’.

65 1436 186 1472 Sache
213 1448 240 1472 S.
269 1447 298 1472 c.
328 1440 382 1471 12.

113 1488 145 1520 8.
179 1484 430 1531 perrumpere]
467 1484 555 1518 ‘den
590 1485 819 1531 Durchgang

64 1544 110 1567 zu
147 1532 396 1576 erzwingen',
441 1532 608 1567 namlich
647 1533 714 1568 auf
755 1533 820 1569 der

65 1579 244 1615 Ostkiiste
276 1580 394 1615 durch
425 1580 485 1615 die
508 1580 616 1615 Mark
648 1593 721 1616 von
745 1581 820 1616 Ra-

64 1638 196 1663 venna.

115 1678 147 1709 9.
174 1675 308 1720 ayendi
331 1675 511 1721 tempora]
540 1687 567 1711 s.
593 1687 637 1710 zu
663 1687 694 1712 c.
723 1681 755 1721 9,
783 1680 816 1712 8.

116 1726 170 1758 10.
203 1723 298 1767 quod
328 1723 425 1757 inter
450 1724 634 1768 ancipitia
665 1725 814 1760 deterri-

65 1781 164 1806 mum
183 1770 248 1816 est]
270 1769 340 1805 Die
355 1770 651 1815 eingeschaltete
666 1771 815 1807 Bemer-

63 1818 169 1863 kung
193 1817 342 1853 bezieht
367 1817 449 1852 sich
469 1818 535 1853 auf
555 1819 627 1854 den
647 1821 816 1855 nachfol-

63 1865 211 1911 genden
233 1865 329 1900 Satz.
358 1865 445 1910 Vgl.
469 1877 498 1901 c.
521 1869 565 1902 56
586 1868 817 1902 contionanti

63 1913 336 1958 (prodiyiosum
361 1914 475 1957 dictu)
511 1918 654 1949 tantum
691 1916 814 1958 foeda-

63 1971 148 1995 rum
172 1961 360 1995 volucrum
384 1962 680 2005 supervolitat-&3
714 1974 742 1997 e.
772 1966 817 1997 84

62 2008 151 2043 dein
193 2008 393 2043 mobilitate
436 2008 578 2053 inqenii
621 2013 675 2053 et,
725 2022 817 2055 quae

63 2058 204 2090 natura
250 2056 407 2100 pavoris
450 2059 520 2099 est,
569 2068 651 2092 cum
695 2059 819 2092 omnia

63 2103 235 2138 metuenti
278 2104 492 2148 praesentia
541 2106 698 2140 maxime
741 2106 816 2140 dis-

56 2151 255 2195 plicerent,
291 2151 333 2185 in
367 2150 558 2187 Palatium
591 2153 816 2199 remeantur,-

62 2197 125 2241 Ν,
153 2201 209 2241 36,
238 2201 291 2233 10.
322 2202 377 2241 το,
400 2202 454 2235 11.
483 2198 517 2233 S.
545 2212 590 2234 zu
616 2211 645 2236 ο.
674 2204 730 2244 31,
758 2205 815 2236 20.

111 2246 198 2281 dum
231 2245 301 2280 mit
332 2246 417 2280 dem
448 2247 528 2282 Ind.
554 2247 677 2284 Praes.
706 2248 816 2291 (auch

62 2292 102 2328 in
121 2292 327 2328 indirekter
346 2293 465 2339 Rede)
486 2295 552 2330 hat
570 2295 676 2331 nicht
697 2295 816 2332 selten

64 2340 219 2376 kausale
228 2341 578 2388 Nebenbedeutung
591 2344 666 2378 und
682 2345 817 2378 naheth

65 2388 146 2423 sich
172 2388 258 2422 dem
284 2388 544 2433 explikativen
565 2391 655 2425 oder
675 2391 817 2426 koinci-

748 1390 820 1424 Zur

64 2435 177 2470 diven
216 2446 297 2471 cum
335 2436 508 2480 (‘indem'
548 2455 593 2467 =
634 2438 817 2474 ‘dadurch

63 2482 190 2527 dass’).
229 2483 355 2518 Durch
374 2484 482 2519 einen
502 2485 654 2520 solchen
669 2486 816 2521 Neben-

66 2531 144 2565 satz
169 2530 263 2565 wird
290 2529 477 2577 diejenige
497 2532 702 2578 Handlung
728 2534 817 2570 oder

65 2576 289 2623 Bemiihtmg
344 2580 618 2624 ausgedriickt,
675 2582 816 2617 welche

65 2625 182 2660 wider
208 2626 268 2660 die
294 2626 452 2661 Absicht
483 2628 549 2662 der
577 2628 817 2665 handelnden

63 2671 206 2707 Person
221 2672 293 2708 den
306 2674 358 2707 im
371 2674 695 2720 fibergeordneten
708 2676 816 2712 Satze

65 2719 332 2755 bezeichneten
348 2720 474 2757 Unfall
488 2723 702 2758 veranlasst.
730 2725 814 2771 Vgl.

64 2767 100 2810 I,
127 2771 171 2802 82
203 2769 392 2804 vulnerato
507 2771 656 2806 tribuno
688 2776 720 2807 et

3 2854 7 2855 ⁷
62 2815 247 2858 praefecto
285 2816 454 2860 leyionis,
499 2819 586 2853 dum
623 2821 817 2856 ruentibus

65 2862 263 2905 obsistunt;
283 2863 328 2906 V,
351 2868 395 2899 17
410 2876 514 2900 suam
528 2866 606 2901 illic
624 2868 816 2903 victoriam

67 2908 262 2946 Germanis
305 2911 501 2956 obstitisse,
546 2914 632 2949 dum
675 2917 816 2951 omissis

891 1249 972 1284 telis
1003 1249 1149 1294 praeda
1180 1258 1313 1283 manus
1343 1248 1566 1292 impediunt3
1602 1246 1646 1283 A.

892 1297 920 1340 Ι,
943 1300 985 1331 75
1012 1297 1098 1332 dum
1124 1298 1272 1332 veritati
1298 1296 1513 1337 consulitur,
1541 1295 1648 1330 liber·

893 1348 951 1379 tas
971 1345 1288 1390 corrumpebatur3
1317 1342 1382 1386 VI,
1405 1347 1450 1378 32
1478 1343 1565 1378 olum
1585 1372 1591 1378 .
1608 1371 1616 1379 .
1634 1369 1641 1376 .

893 1393 1068 1427 instituta
1098 1393 1322 1427 Parthorum
1348 1392 1477 1434 sumit,
1508 1390 1649 1436 patriis

893 1440 1056 1475 moribus
1074 1440 1197 1484 impar
1210 1439 1333 1474 morbo
1353 1438 1568 1483 absumptus
1580 1442 1647 1480 est3

893 1487 937 1522 H.
959 1487 1003 1531 Π,
1026 1491 1082 1530 21,
1105 1491 1136 1522 6.
1165 1492 1220 1531 66,
1241 1491 1272 1522 s.
1301 1490 1358 1530 92,
1380 1489 1410 1521 6.
1439 1486 1574 1529 111,5o,
1592 1489 1646 1520 19.

893 1539 950 1577 56,
974 1539 1026 1570 12.
1056 1535 1180 1570 Madv.
1202 1539 1220 1578 ζ)
1242 1538 1312 1569 358
1334 1535 1375 1569 A.
1399 1538 1430 1570 2.
1470 1534 1648 1577 Heraeus,

893 1584 959 1618 lat.
1000 1582 1172 1628 Schulgr.
1218 1586 1237 1626 ξ
1278 1586 1364 1625 208,
1405 1586 1424 1617 3
1465 1584 1573 1616 Anm.
1617 1585 1648 1617 1.

893 1631 1069 1676 Draeger,
1098 1631 1202 1676 Synt.
1230 1634 1249 1674 ἓ
1278 1634 1357 1666 168.

939 1680 1059 1713 media
1109 1679 1210 1724 sequi
1263 1679 1388 1713 ‘einen
1437 1677 1649 1721 Mittelweg

892 1725 1147 1771 einschlagen'
1171 1727 1231 1761 fiir
1243 1726 1399 1761 mediam
1418 1727 1517 1760 viam
1535 1726 1645 1770 sequi.

941 1778 994 1809 11.
1024 1775 1215 1818 providere
1241 1774 1392 1808 absolut
1421 1772 1649 1817 ‘vorsichtig

890 1821 1084 1865 handeln'‚
1115 1821 1184 1857 wie
1214 1820 1286 1856 Cic.
1316 1833 1392 1856 acc.
1419 1820 1459 1855 in
1485 1821 1589 1855 Verr.
1617 1820 1646 1862 Ι,

891 1872 954 1911 56,
992 1873 1056 1904 157
1089 1870 1165 1904 nisi
1196 1870 1438 1913 providisses,
1472 1868 1541 1903 tibi
1572 1868 1648 1912 ipsi

888 1917 1114 1960 pereundum
1141 1917 1286 1960 fuisset3
1315 1916 1362 1950 ad
1388 1916 1475 1949 fam.
1504 1914 1571 1958 IX,
1602 1918 1645 1950 18

891 1967 1012 1998 actum
1038 1965 1081 1999 de
1106 1968 1138 1999 te
1164 1968 1226 2006 est,
1252 1964 1328 1998 nisi
1351 1964 1529 2008 procide&

939 2011 1004 2046 41.
1035 2015 1064 2047 1.
1092 2011 1268 2057 cohortes]
1296 2023 1344 2046 sc.
1372 2011 1594 2055 praetoriae.

940 2063 971 2093 2.
993 2060 1120 2102 fallere
1135 2059 1286 2094 absolut
1301 2059 1386 2103 (wie
1402 2058 1446 2102 ΙΙ,
1463 2063 1506 2094 98
1516 2059 1646 2103 plures

890 2107 1047 2150 fefellere
1078 2108 1148 2150 fide
1174 2108 1376 2142 amicorum
1409 2110 1476 2142 aut
1509 2109 1647 2141 suomet

891 2158 975 2190 astu
1006 2156 1179 2190 occultati
1189 2169 1195 2195 ;
1234 2156 1276 2190 A.
1304 2153 1382 2197 XV,
1411 2157 1454 2189 66
1492 2157 1647 2189 ceterum

889 2203 1064 2237 militaris
1113 2213 1252 2248 quoque
1301 2203 1526 2247 conspiratio
1570 2212 1647 2236 non

889 2251 990 2285 ultra
1022 2251 1164 2294 fefellit)
1196 2250 1443 2284 ‘unentdeckt
1475 2249 1641 2284 bleiben'

891 2297 926 2332 d.
948 2298 983 2333 h.
1007 2298 1102 2332 ‘sich
1123 2297 1487 2340 durchschleichen'‚
1507 2296 1559 2331 im
1574 2296 1644 2331 Ge-

890 2348 1043 2390 gensatz
1077 2358 1121 2380 zu
1153 2349 1348 2390 penetrare
1382 2345 1478 2379 ‘sich
1511 2344 1646 2379 durch-

891 2393 1096 2438 schlagen'.

939 2444 971 2475 4.
987 2440 1196 2486 quominus]
1220 2439 1317 2475 nach
1334 2451 1406 2475 non
1427 2450 1559 2482 carere,
1573 2439 1644 2474 wie

890 2488 988 2523 nach
1015 2499 1090 2523 non
1119 2489 1299 2523 abstinere
1328 2488 1428 2523 Suet.
1457 2488 1503 2521 de
1524 2498 1643 2532 gram.

891 2539 911 2570 3
938 2539 980 2571 ut
1004 2547 1049 2571 ne
1069 2536 1266 2571 clarissimi
1290 2536 1435 2580 quidem
1458 2534 1643 2570 abstinue-

890 2584 981 2626 rint,
1008 2594 1077 2628 quo
1097 2585 1220 2618 minus
1239 2586 1272 2617 et
1291 2584 1367 2627 ipsi
1386 2583 1532 2628 aliquid
1553 2584 1644 2618 scri-

891 2631 1022 2666 herent.

938 2679 1080 2724 rapere]
1110 2679 1132 2713 i.
1161 2690 1191 2713 e.
1218 2678 1356 2723 raptim
1382 2678 1466 2713 frui.

938 2727 1132 2761 adulteriis
1146 2737 1188 2761 ac
1201 2727 1356 2772 stupris]
1374 2737 1400 2759 s.
1417 2738 1460 2759 zu
1474 2725 1500 2769 I,
1517 2728 1572 2768 66,
1587 2728 1642 2760 17.

939 2778 970 2808 5.
997 2773 1195 2818 hospitum]
1225 2785 1251 2807 s.
1280 2786 1324 2807 zu
1350 2773 1394 2817 II,
1424 2778 1478 2814 66,
1508 2777 1561 2807 10.

937 2822 1108 2865 aderant]
1168 2822 1362 2865 tamquam
1412 2820 1644 2864 flagitiorum

889 2871 1083 2914 patronae.
1142 2868 1225 2913 Vgi.
1266 2880 1295 2903 c.
1336 2872 1380 2903 46
1420 2869 1562 2912 adfuit,
1601 2872 1645 2904 ut

889 2927 994 2961 saepe
1013 2917 1128 2959 alias,
1148 2917 1302 2959 fortuna
1315 2915 1449 2962 populi
1468 2915 1643 2952 Romani.
