1859 3182
199 86 255 127 36
705 85 862 121 TACITI
888 86 1221 122 HisromAnUM

163 206 179 231 5
202 202 258 236 tot
290 196 508 236 honoribus
541 195 764 235 cumulatus
791 198 958 235 amicum
984 198 1236 250 prodidisset,
1265 198 1370 237 velut
1396 210 1467 248 pro
1489 197 1642 238 Vitellio
1673 211 1762 238 con-

201 261 411 307 querentes
444 267 559 294 suum
592 254 766 293 dolorem
799 255 1062 306 proferebant.
1107 256 1213 295 nulla
1248 258 1288 295 in
1321 257 1498 296 oratione
1531 259 1763 309 cuiusquam

199 327 290 365 erga
324 314 526 352 Flavianos
566 313 688 353 duces
727 313 982 354 obtrectatio:
1028 328 1204 354 errorem
1236 315 1622 367 imprudentiamque
1655 329 1764 356 exer-

200 375 350 411 cituum
385 372 608 425 culpantes,
640 372 870 424 Vespasiani
897 386 1040 413 nomen
1073 376 1257 425 suspensi
1291 379 1329 413 et
1362 374 1565 413 vitabundi
1597 376 1763 414 circum-

200 431 325 483 ibant,
365 444 438 470 nec
478 431 602 470 defuit
647 433 715 483 qui
757 445 880 471 unum
914 433 1141 472 consulatus
1180 433 1282 472 diem
1322 429 1376 486 (is
1415 434 1519 472 enim
1557 435 1597 473 in
1636 434 1766 484 locum

147 501 180 524 10
201 490 389 529 Caecinae
435 487 661 543 supererat)
707 503 846 541 magno
891 504 981 530 cum
1026 494 1151 531 inrisu
1198 492 1410 530 tribuentis
1455 494 1764 544 accipientisque

199 549 481 588 eblandiretur.

543 549 670 600 pridie
705 549 889 588 kalendas
921 550 1152 589 Novembris
1186 551 1328 590 Rosius
1361 551 1536 602 Regulus
1561 552 1650 590 iniit
1682 553 1762 591 eiu-

199 610 389 659 ravitque.
441 608 677 647 adnotabant
704 610 821 660 periti
848 622 1062 661 numquam
1090 616 1200 648 antea
1228 622 1306 648 non
1328 609 1514 661 abrogato
1535 612 1766 661 magistratu

199 679 328 719 neque
361 667 445 717 lege
478 667 554 706 late
588 667 706 706 alium
741 667 982 721 subtectum,
1015 681 1104 707 nam
1131 668 1269 707 consul
1296 681 1375 707 uno
1410 669 1472 707 die
1502 674 1541 708 et
1568 674 1657 708 ante
1684 670 1766 709 fue-

199 732 259 764 rat
285 726 471 765 Caninius
498 726 659 765 Rebilus
687 726 725 765 C.
754 726 918 766 Caesare
952 728 1163 779 dictatore,
1196 740 1286 766 cum
1313 727 1406 766 belli
1442 728 1566 767 civilis
1593 730 1766 779 praemia

148 791 182 817 15
204 786 498 824 festinarentur.

129 839 184 882 38

320 844 418 883 Nota
445 857 515 895 per
542 856 609 883 eos
636 844 720 883 dies
747 843 849 883 Iunii
875 844 1003 884 Blaesi
1029 857 1134 884 mors
1173 851 1211 883 et
1246 846 1391 884 famosa
1419 844 1503 897 fuit,
1537 845 1584 884 de
1612 858 1687 897 qua
1711 847 1766 884 sic
1792 849 1796 852 “

201 905 438 954 accepimus.
489 905 597 954 gravi
630 905 809 954 corporis
841 904 979 943 morbo
1021 916 1136 955 aeger
1168 903 1348 942 Vitellius
1382 903 1609 943 Servilianis
1640 904 1767 955 hortis

249 1022 280 1052 6.
302 1028 408 1052 suum
427 1016 599 1063 dolorem]
621 1028 731 1061 quem
746 1028 789 1051 ex
810 1016 953 1052 iniuriis

201 1064 381 1100 Caecinae
415 1064 593 1108 privatim
628 1065 814 1109 ceperant.
866 1065 950 1109 Vgl.

200 1112 278 1147 Liv.
300 1111 380 1154 VII,
401 1115 444 1145 21
467 1122 575 1146 curae
590 1112 760 1156 privatae
779 1113 820 1146 in
840 1116 951 1147 certa-

199 1160 362 1194 minibus
385 1159 544 1203 publicis
568 1159 812 1203 erumpebant.

248 1207 403 1241 dolorem
427 1206 591 1250 proferre
620 1206 775 1240 ‘Unmut
802 1205 948 1250 (Arger)

199 1265 247 1288 an
273 1253 343 1288 den
370 1254 451 1298 Tag
476 1253 614 1298 legen’.

248 1304 280 1335 8.
307 1300 473 1345 suspensi
500 1300 721 1345 ‘verlegen'.

249 1348 508 1393 circumibant]
536 1347 620 1392 Vgl.
650 1347 743 1381 ‹lazu
769 1348 876 1383 Auct.
904 1347 951 1382 ad

200 1395 285 1429 Her.
310 1394 378 1437 IV,
413 1399 457 1429 32
483 1395 652 1429 circuitio
673 1399 722 1429 est
743 1396 860 1429 oratio
878 1406 951 1429 rem

199 1443 397 1486 simplicem
423 1442 718 1477 circumscribens
741 1442 948 1477 elocutione.

249 1493 280 1524 9.
308 1490 348 1523 in
375 1489 491 1524 locum
518 1488 710 1534 Caecinae]
739 1489 760 1523 i.
789 1500 820 1524 e.
848 1490 889 1522 ut
914 1488 952 1522 in

201 1536 324 1571 locum
339 1535 522 1570 Caecinae
537 1535 806 1570 succederetur.
829 1536 951 1570 Nach-

201 1584 285 1618 dem
312 1583 471 1618 Caecina
503 1595 565 1617 um
602 1583 666 1617 des
699 1594 745 1617 an
772 1580 947 1616 Vitellius

202 1631 384 1665 verfibten
410 1630 561 1664 Vei-rats
588 1629 712 1664 willen
739 1629 794 1664 als
821 1630 949 1664 consul

202 1677 377 1712 suffectus
411 1680 453 1721 (s.
480 1689 524 1711 zu
550 1676 577 1721 I,
606 1681 661 1720 77,
688 1678 723 1721 8)
757 1677 950 1721 abgesetzt:

202 1736 295 1768 war,
329 1725 404 1758 brat
429 1724 488 1759 fiir
515 1724 586 1758 den
613 1724 751 1759 letzten
776 1724 856 1769 Tag
883 1724 949 1758 des

202 1772 436 1806 Nundinums
472 1771 604 1806 Rosius
633 1771 797 1816 Regulus
831 1771 901 1805 ein.

252 1823 306 1854 11.
333 1819 516 1853 eblandiri
550 1818 681 1852 ‘durch
714 1817 949 1853 Schmeiche-

202 1866 299 1901 leien
326 1866 532 1910 erlangen'.

249 1913 423 1959 eiuravit]
480 1924 529 1948 sc.
585 1913 838 1957 mayistratum
889 1911 946 1954 (A.

201 1961 281 2003 XII,
308 1963 342 2005 4)
369 1960 390 1994 i.
419 1971 449 1994 6.
477 1971 499 1995 a.
524 1960 748 2004 magistratu
781 1970 819 1994 se
846 1958 948 1993 abdi-

203 2007 313 2043 cavit.
364 2007 432 2042 Die
470 2018 535 2042 aus
577 2006 643 2041 der
673 2005 860 2051 Republik
897 2006 948 2040 im

203 2055 436 2089 Kaisertume
498 2054 742 2098 gebliebencn
807 2054 949 2088 Staats—

202 2102 376 2136 beamten
404 2102 674 2145 (magistratus)
698 2100 869 2135 leistetzen
890 2112 949 2133 am

202 2149 341 2183 letzten
375 2148 474 2193 Tage
506 2149 605 2183 ihtes
642 2149 748 2182 Amts
781 2148 850 2181 den
877 2146 950 2180 Ab·

204 2196 404 2241 gangseid,
442 2195 566 2230 indem
613 2195 665 2229 sie
702 2194 953 2229 versicherten

203 2254 239 2278 se
271 2243 365 2277 nihil
403 2247 530 2278 contra
563 2243 652 2287 leyes
685 2243 810 2285 fecisse
843 2240 951 2286 (Plin.

204 2302 338 2335 paneg.
366 2293 425 2334 64)

257 2342 310 2371 12.
333 2338 561 2372 adnotabant
575 2336 705 2382 periti]
727 2336 862 2381 gerade
884 2335 953 2369 wie

205 2383 247 2418 A.
275 2384 354 2428 XII,
375 2388 430 2419 25.
451 2384 548 2427 XIII,
571 2388 601 2419 3.
625 2384 711 2427 Agr.
733 2387 789 2417 22.
837 2383 955 2417 Periti

208 2430 516 2476 ‘Sachkundige',
543 2432 611 2466 wie
637 2429 699 2466 bei
719 2430 801 2465 Tac.
831 2430 953 2464 osteis.

256 2479 429 2523 abroyato
450 2478 687 2523 mayistratu]
711 2477 827 2512 durch
848 2475 956 2511 einen

207 2525 245 2559 in
271 2526 341 2559 den
368 2526 555 2560 Komitien
575 2525 775 2571 gestellten
801 2525 953 2567 Anti-ag.

208 2572 292 2615 Vgl.
333 2572 399 2615 IV,
439 2576 482 2605 47
523 2573 691 2618 abroqati
725 2573 810 2606 inde
848 2572 955 2614 leyem

208 2619 342 2662 ferente
368 2619 581 2655 Domitiano
608 2620 829 2666 consulatus,
869 2627 958 2662 quos

217 2666 382 2700 Vitellius
414 2667 569 2702 dederat.
620 2667 720 2701 Uber
751 2667 809 2701 die
835 2663 955 2698 Ambs-

209 2715 427 2757 entsetzung
441 2714 555 2747 durch
565 2714 698 2749 Gesetz
713 2714 786 2758 vgl.
800 2713 949 2747 Momm-

211 2771 285 2803 sen,
313 2764 402 2795 rom.
432 2761 666 2796 Staatsrechtz
691 2761 705 2794 Ι
733 2761 768 2795 S.
796 2763 861 2794 511
879 2759 956 2803 fgg.

260 2812 313 2842 13.
340 2811 371 2842 et
398 2809 495 2853 ante]
534 2807 643 2843 ‘auch
677 2807 839 2851 vorher’,
873 2807 906 2840 d.
934 2806 956 2839 i.

212 2854 342 2890 ‘sehon
362 2856 524 2890 vorher'.
577 2855 630 2890 Et
656 2856 749 2890 stati:
774 2855 881 2889 etiam
907 2853 957 2888 ist

1025 1018 1085 1052 bei
1108 1017 1234 1053 Cicero
1257 1017 1375 1052 selben
1396 1017 1470 1051 und
1492 1028 1588 1052 zwar
1607 1017 1682 1052 fast
1701 1029 1769 1052 nur

1024 1065 1062 1098 in
1096 1064 1339 1109 Verbindung
1373 1063 1443 1098 mit
1473 1064 1654 1108 gewissen
1680 1064 1768 1099 Par-

1023 1111 1142 1147 tikeln
1175 1112 1265 1146 oder
1298 1111 1417 1146 einem
1444 1111 1668 1154 Pronomen,
1700 1112 1770 1146 wie

1022 1160 1131 1194 simul
1157 1163 1200 1201 et,
1226 1160 1287 1193 secl
1307 1162 1349 1200 et,
1374 1169 1461 1193 nam
1485 1162 1530 1201 et,
1554 1160 1645 1203 quin
1669 1162 1712 1202 et,
1739 1163 1771 1194 et

1021 1217 1138 1249 nunc,
1164 1210 1196 1240 et
1220 1207 1297 1248 ille,
1328 1209 1360 1240 et
1385 1206 1468 1248 iste,
1500 1209 1532 1240 et
1557 1207 1632 1250 ipse
1663 1206 1771 1250 (vier—

1021 1253 1191 1288 zehnmal
1217 1252 1278 1287 bei
1303 1252 1424 1297 Tac),
1455 1255 1487 1287 et
1512 1253 1580 1287 alii
1605 1254 1644 1297 (s.
1671 1265 1714 1288 zu
1741 1264 1770 1289 c.

1025 1304 1056 1344 2,
1078 1302 1125 1343 8).
1177 1300 1260 1334 Wie
1281 1299 1372 1344 hier,
1399 1300 1501 1334 steht:
1519 1304 1552 1335 et
1570 1303 1654 1335 ante
1673 1301 1771 1335 noch

1025 1360 1054 1382 c.
1078 1351 1133 1391 72,
1154 1351 1184 1381 6.
1207 1351 1263 1390 83,
1286 1350 1339 1381 10.
1374 1345 1416 1380 A.
1438 1346 1533 1390 XIV,
1556 1351 1586 1382 7.
1613 1346 1692 1391 XV,
1715 1350 1770 1382 55.

1026 1394 1153 1429 Cicero
1191 1395 1275 1437 sagt
1308 1392 1415 1427 daftir
1448 1394 1523 1428 iam
1560 1398 1643 1429 ante
1681 1397 1770 1438 (acc.

1024 1442 1062 1476 in
1088 1442 1191 1476 Verr.
1219 1441 1251 1475 V
1278 1444 1297 1483 ἓ
1325 1441 1395 1484 10).

1076 1492 1129 1523 14.
1159 1488 1340 1523 Caninius
1365 1487 1527 1533 Rebilus]
1555 1491 1600 1522 45
1626 1501 1659 1524 v.
1688 1489 1771 1524 Chr.

1025 1547 1102 1570 war
1135 1546 1181 1569 an
1214 1535 1274 1569 die
1302 1534 1416 1569 Stella
1442 1535 1506 1570 des
1532 1546 1592 1569 am
1618 1536 1772 1580 Morgen

1022 1583 1086 1618 des
1114 1587 1168 1617 31.
1196 1583 1283 1616 Dec.
1319 1581 1585 1618 verstorbenen
1610 1583 1771 1618 Konsuls

1024 1631 1064 1672 Q.
1107 1629 1242 1664 Fabius
1286 1628 1345 1663 fiir
1379 1628 1440 1664 die
1474 1629 1642 1674 wenigen
1673 1631 1772 1665 noch

1021 1677 1185 1721 tibrigen
1206 1676 1373 1711 Sbunden
1402 1676 1467 1711 des
1491 1676 1624 1712 Jahres
1646 1676 1683 1712 C.
1706 1677 1773 1712 Ca—

1020 1724 1143 1759 ninius
1163 1723 1316 1759 Rebilus
1331 1724 1596 1768 nachgewiihlf.
1612 1725 1770 1760 worden.

1023 1772 1107 1816 Vgl.
1136 1771 1210 1805 Cic.
1240 1771 1286 1804 ad
1319 1770 1405 1804 fam.
1435 1770 1511 1814 VII,
1538 1775 1583 1805 30
1618 1783 1687 1815 quo
1714 1770 1772 1815 (Q.

1022 1817 1137 1853 Fabio
1159 1818 1325 1861 consule)
1341 1821 1481 1853 mortuo
1494 1819 1665 1853 nuntiato
1684 1820 1773 1854 sella

1023 1865 1189 1910 (curulis)
1210 1865 1357 1900 sublata
1376 1868 1438 1907 est,
1471 1866 1532 1900 ille
1551 1869 1682 1909 autem,
1708 1867 1773 1911 qui

1023 1914 1177 1948 comitiis
1220 1913 1369 1947 tributis
1412 1915 1499 1947 esset
1543 1914 1768 1956 auspicatus,

1022 1961 1230 1996 centuriata
1274 1959 1419 2003 habuit,
1465 1960 1643 1994 consulem
1680 1961 1772 1995 hora

1021 2008 1173 2051 septima
1204 2007 1450 2049 renuntiavit,
1487 2007 1552 2051 qui
1582 2017 1692 2051 usque
1724 2007 1774 2042 ad

1022 2055 1107 2088 Kal.
1139 2055 1225 2088 Ian.
1252 2057 1350 2095 esset,
1376 2065 1467 2097 quae
1492 2057 1596 2088 crant
1621 2055 1773 2096 futurae

1022 2112 1127 2136 mane
1145 2101 1342 2146 postridie:
1368 2103 1423 2135 ita
1445 2099 1603 2135 Caninio
1629 2102 1774 2136 consule

1024 2150 1113 2183 scito
1144 2149 1319 2182 neminem
1340 2148 1556 2192 prandisse‚·
1595 2148 1689 2183 nihil
1720 2152 1774 2183 ta-

1025 2206 1105 2229 men
1142 2206 1180 2229 eo
1218 2195 1362 2230 consule
1400 2195 1491 2229 mali
1526 2195 1666 2238 factum
1703 2199 1773 2238 est3

1026 2243 1099 2285 fuit
1117 2243 1210 2276 enim
1228 2242 1386 2285 mirifica
1399 2243 1608 2286 viyilantia,
1627 2243 1691 2287 qui
1709 2252 1774 2277 suo

1027 2293 1099 2324 toto
1126 2290 1320 2324 consulatu
1346 2299 1508 2324 somnum
1533 2300 1607 2324 non
1631 2290 1775 2331 viderit.

1075 2336 1139 2371 38.
1178 2340 1208 2369 1.
1242 2336 1380 2371 Iunius
1405 2336 1561 2371 Blaesus
1586 2336 1692 2371 hatte
1718 2337 1774 2371 als

1031 2384 1252 2418 Statthaiter
1280 2395 1352 2418 von
1373 2382 1495 2419 Gallia
1517 2383 1776 2427 Lugdunensis

1029 2431 1100 2465 den
1155 2430 1325 2465 Vitellius
1373 2430 1493 2465 seiner
1536 2430 1615 2466 Zeit:
1668 2431 1776 2466 unter

1030 2477 1190 2522 grossem
1206 2476 1525 2512 Kostenaufwand
1539 2476 1773 2523 empfangen.

1031 2526 1067 2560 S.
1093 2525 1138 2569 ΙΙ,
1167 2528 1223 2568 59,
1252 2528 1305 2560 10.

1075 2571 1232 2617 famosa]
1261 2584 1287 2606 s.
1315 2583 1358 2606 zu
1383 2571 1409 2614 I,
1440 2574 1493 2614 10,
1521 2574 1552 2605 2.

1079 2623 1110 2652 2.
1130 2620 1237 2664 yravi
1257 2619 1419 2663 corporis
1437 2619 1574 2664 morbo]
1601 2619 1655 2652 Im
1675 2617 1776 2653 Fort-

1031 2676 1149 2710 gange
1186 2666 1250 2700 der
1281 2666 1495 2710 Erziihlung
1529 2665 1577 2708 (Z.
1607 2667 1642 2708 8)
1676 2665 1777 2700 steht

1030 2724 1137 2756 αι’-(μυ
1157 2714 1329 2758 principe
1361 2713 1455 2748 ohne
1482 2712 1608 2747 diesen
1635 2713 1776 2746 Zusatz.

1078 2760 1295 2796 Servilianis
1335 2760 1466 2805 hortis]
1517 2758 1591 2794 Der
1628 2759 1778 2794 Bericht

1032 2806 1189 2841 Suetons
1223 2807 1306 2842 Ner.
1340 2811 1384 2842 47
1422 2806 1549 2841 machb
1587 2817 1625 2840 es
1658 2806 1776 2840 wahr-

1032 2852 1253 2899 scheinlieh,
1282 2853 1364 2889 dass
1391 2853 1491 2889 diese
1515 2853 1777 2898 Parkanlagen
