1875 3214
600 113 748 148 LIBER
775 114 836 151 ΙΙΙ.
890 115 992 152 GAP.
1022 122 1174 154 66-67.
1624 126 1679 167 67

94 221 207 260 foret.
250 223 365 275 quin,
398 228 444 262 ut
470 236 681 263 censuram
708 227 850 279 patris,
885 234 929 267 ut
956 234 1037 268 tres
1066 231 1315 286 consulatus,
1342 240 1387 273 ut
1411 241 1469 275 tot
1496 240 1679 290 egregiae

93 279 233 320 domus
266 280 439 321 honores
472 283 651 337 deceret,
690 285 969 337 desperatione
1009 289 1148 329 saltem
1186 293 1226 330 in
1260 294 1465 334 audaciam
1498 299 1678 350 accinge-

91 344 214 380 retur.
276 347 457 392 perstare
502 343 684 397 militem,
731 357 944 397 superesse
990 350 1121 389 studia
1159 352 1315 406 populi,
1367 354 1538 408 denique
1578 358 1677 398 nihil

91 401 265 439 atrocius
286 406 540 455 eventurum,
574 416 691 455 quam
719 405 760 443 in
788 407 893 458 quod
922 414 1063 459 sponte
1091 417 1221 450 ruant.
1268 415 1519 455 moriendum
1550 419 1675 472 victis,
1697 431 1732 456 20

90 459 339 499 moriendum
385 461 547 502 deditis:
599 463 638 502 id
684 464 814 504 solum
858 467 1028 521 referre,
1071 472 1331 512 novissimum
1371 476 1557 526 spiritum
1602 490 1675 529 per

88 517 306 558 ludibrium
338 525 377 559 et
410 522 671 562 contumelias
705 524 910 565 effundant
942 540 991 567 an
1024 541 1097 580 per
1129 532 1330 572 virtutem.

208 578 359 619 Surdae
404 581 453 620 ad
495 582 611 622 fortia
651 584 815 624 consilia
848 585 1003 626 Vitellio
1044 602 1178 643 aures3
1225 591 1472 633 obruebatur
1516 598 1672 637 animus
1689 599 1744 641 67

86 639 340 678 miseratione
385 653 579 695 curaque,
624 656 674 682 ne
712 645 987 696 pertinacibus
1027 650 1147 688 armis
1186 652 1318 691 minus
1350 652 1585 704 placabilem
1619 659 1671 696 vi-

86 702 237 738 ctorem
270 698 518 752 relinqueret
549 704 711 755 coniugi
744 717 788 744 ac
822 704 970 746 liberis.
1029 715 1114 749 erat
1145 709 1202 749 illi
1235 716 1274 750 et
1306 712 1411 752 fessa
1443 720 1571 754 aetate
1605 729 1670 768 pa-

84 769 195 811 rens,
242 771 342 811 quae
382 765 514 800 tamen
551 764 691 814 paucis
731 770 821 804 ante
861 766 1003 807 diebus
1043 775 1268 820 opportuna
1300 777 1429 811 morte
1469 776 1669 815 excidium

83 816 223 856 domus
256 821 479 873 praevenit,
519 821 617 861 nihil
657 825 884 876 principatu
919 826 974 866 fili
1006 828 1195 868 adsecuta
1228 831 1305 870 nisi
1338 832 1491 872 luctum
1531 840 1570 874 et
1602 835 1668 875 bo-
1691 850 1706 874 5

82 877 361 920 nam‘famam.
418 879 486 918 XV
516 880 704 922 kalendas
747 884 949 925 Ianuarias
982 888 1114 927 audita
1148 889 1371 931 defectione
1403 892 1571 944 legionis
1605 908 1668 935 co-

82 935 357 991 hortiumque,
397 952 497 992 quae
529 954 570 980 se
596 941 766 983 Narniae
801 945 1049 1000 dediderant,
1085 948 1192 999 pullo
1227 953 1374 991 amictu
1414 952 1561 993 Palatio
1602 955 1667 995 de-

80 996 261 1047 greditur
298 1005 449 1038 maesta
487 1001 639 1041 circum
679 1003 842 1058 familia;
882 1006 1087 1046 ferebatur
1119 1009 1302 1049 lecticula
1340 1013 1529 1062 parvulus
1562 1014 1668 1055 filius

77 1055 186 1096 velut
217 1058 259 1097 in
292 1058 502 1099 funebrem
535 1073 738 1117 pompam3
775 1077 892 1104 voces
925 1067 1064 1118 populi
1090 1067 1257 1109 blandae
1285 1077 1325 1110 et
1350 1073 1666 1129 intempestivae,

77 1115 191 1156 miles
222 1118 370 1158 minaci
402 1118 572 1161 silentio.
1687 1150 1721 1176 10

77 1242 390 1280 wahrseheinlich
441 1248 512 1283 seii:
557 1248 662 1285 Sulla
712 1251 831 1287 hatte.

910 1255 977 1287 iem
992 1256 1024 1288 et
1044 1255 1185 1290 virilem
1199 1267 1274 1292 nori
1295 1258 1422 1294 videri.
1461 1260 1496 1295 S.
1512 1260 1663 1307 Berger,

74 1289 293 1336 Nipperdey
306 1305 350 1328 zu
364 1294 407 1330 A.
423 1295 485 1339 XI,
500 1300 553 1331 13.
581 1297 666 1343 Vgl.
681 1298 725 1332 H.
741 1298 770 1342 Ι,
787 1303 831 1334 52

906 1300 969 1336 lat.
1001 1300 1083 1337 Stil.
1112 1306 1130 1345 s
1160 1307 1238 1348 105,
1270 1309 1299 1340 1.
1340 1306 1384 1342 A.
1415 1311 1443 1343 1.

79 1336 224 1375 Vitellio
249 1343 322 1376 tres
344 1344 467 1386 patris
492 1346 724 1390 consulatus,
751 1358 830 1382 cen-

73 1395 211 1430 suram,
226 1388 414 1435 eolleyium
424 1390 593 1428 Caesaris
606 1397 638 1428 et
648 1395 832 1439 imponere

73 1434 151 1469 iam
165 1435 311 1479 pridem
331 1438 564 1483 imperatoris
577 1441 829 1488 dignationem

72 1484 106 1517 et
119 1482 266 1526 auferre
276 1486 420 1529 privati
431 1489 587 1524 secui-ita
593 1492 670 1526 tem.
705 1492 746 1527 A.
763 1490 826 1526 Vi-

72 1528 199 1565 tellius
231 1543 311 1567 war
342 1533 525 1570 ebenfalls
561 1536 678 1573 sehon
715 1539 827 1574 unter

73 1575 249 1614 Claudius
261 1579 406 1616 Konsul
420 1594 603 1628 gewesen,
619 1586 708 1621 aber
722 1587 828 1622 nieht

70 1625 141 1660 mii:
171 1626 252 1661 ihm
285 1640 515 1675 zusammen,
562 1634 722 1669 sondern
756 1634 827 1670 mih

69 1671 109 1708 L.
136 1672 343 1719 Vipstanus
376 1677 574 1716 Publicola
606 1685 652 1717 48
677 1693 711 1717 n.
741 1682 823 1719 Chr.

68 1721 126 1766 (A.
155 1722 217 1767 XI,
242 1725 316 1769 23).

117 1770 244 1817 eliens]
272 1771 448 1817 Ignotum
474 1777 545 1820 est,
582 1777 682 1822 quod
707 1778 820 1815 bene-

67 1816 193 1853 ficium
215 1819 466 1865 Vespasianus
485 1824 567 1858 tum
581 1824 736 1862 Vitellio
758 1827 824 1862 de-

67 1863 208 1911 buerib,
235 1867 357 1903 simile
378 1869 479 1905 haud
499 1871 611 1907 dubie
630 1873 699 1917 illi,
723 1875 822 1918 quod

67 1912 224 1949 Claudio
244 1915 414 1962 principe
429 1918 594 1954 Narcissi
619 1923 744 1965 gratia
769 1922 821 1957 le-

65 1961 176 2005 gatus
197 1961 357 2007 legionis
376 1964 415 1999 in
431 1965 670 2002 Germaniam
686 1969 820 2005 missus

66 2009 138 2051 0313,
167 2008 267 2046 Suet.
294 2010 406 2057 Vesp.
433 2017 466 2048 4.
493 2014 708 2052 Doderlein.

116 2060 170 2092 17.
196 2058 288 2102 quin
392 2062 660 2110 aeez'nyeretur]
687 2063 729 2099 In
756 2065 815 2101 Or.

63 2105 269 2150 rectaqum
285 2108 516 2154 accingeris?
535 2109 659 2148 Madv.
670 2115 780 2157 3351,
794 2114 818 2148 b

63 2151 172 2187 Anm.
205 2157 238 2188 3.
290 2153 458 2201 Schultz,
499 2160 519 2200 ξ
545 2163 614 2194 352
648 2160 755 2196 Anm.
785 2166 816 2197 5.

63 2197 493 2250 Heraeus‚1at.Schulgr.
509 2210 528 2249 ἓ
541 2211 620 2251 181,
636 2207 817 2245 2Anm.4.

111 2251 166 2283 21.
196 2249 238 2284 id
262 2251 379 2286 solum
406 2253 555 2300 referre]
587 2256 661 2300 vgl.
684 2255 758 2292 Cio,
780 2270 815 2303 p.

66 2293 165 2330 Cael.
175 2299 194 2338 ξ
203 2300 222 2331 5
229 2300 248 2330 7
257 2298 367 2341 refert
380 2311 512 2346 mayno
521 2312 625 2347 opere
638 2304 817 2349 idipsum.

111 2344 350 2381 ‘novissimum
380 2349 570 2395 spiritum]
612 2351 670 2386 fiir
702 2356 817 2388 extre-

63 2400 161 2426 mum
185 2402 238 2437 sp.
267 2393 355 2438 (Cic.
382 2395 477 2431 Phil.
505 2397 592 2432 XIV
620 2402 638 2442 ξ
664 2401 737 2445 32).

111 2438 174 2474 67.
216 2444 247 2476 1.
280 2442 415 2478 sardae
450 2444 514 2490 ad]
549 2443 620 2481 wie
647 2447 725 2483 Liv.
752 2448 815 2493 IX,

64 2488 96 2526 7,
119 2489 140 2520 3
160 2488 296 2524 surdae
315 2491 365 2525 ad
384 2492 508 2527 omnia
527 2494 666 2530 solacia
687 2507 816 2539 aures,-

63 2532 199 2578 XXIV,
220 2538 276 2579 32,
300 2541 320 2572 6
341 2539 476 2575 surdae
492 2541 542 2576 ad
556 2543 680 2577 omm‘a
694 2555 811 2581 aures.

62 2580 126 2616 Ad
157 2581 294 2618 drfiok‘c
319 2585 380 2621 die
406 2586 624 2634 Beziehung
655 2600 737 2635 aus,
774 2591 812 2627 in

61 2628 224 2664 welcher
243 2631 310 2666 das
324 2633 408 2679 Adj.
424 2636 517 2671 stat-t
530 2637 606 2673 hat.
634 2638 719 2683 Vgl.
736 2638 809 2674 Cic.

62 2674 169 2713 Tusc.
190 2677 242 2713 ΠΙ
263 2683 282 2722 ἓ
305 2684 347 2714 11
368 2683 498 2718 mentis
517 2685 567 2720 ad
591 2687 716 2721 omnia
736 2698 810 2722 eae-

61 2723 162 2760 citas.
213 2725 364 2773 Berger‚
390 2729 455 2766 lat.
477 2730 560 2766 Stil.
589 2736 607 2774 ξ
634 2737 690 2775 96,
718 2745 750 2778 e,
777 2739 809 2770 3.

106 2773 223 2815 fortia
249 2777 419 2822 consilia]
448 2778 517 2813 wie
544 2779 623 2816 Liv.
651 2781 718 2825 IX,
749 2787 810 2826 113

61 2819 135 2864 vgl.
165 2819 237 2856 Cic.
267 2821 346 2859 cat.
372 2825 441 2869 III,
469 2829 509 2871 6,
538 2830 580 2862 17
614 2830 812 2866 acerrimae

61 2876 103 2901 ae
132 2868 356 2911 fortissimae
387 2874 604 2918 sententiam
637 2876 683 2912 de
716 2879 810 2914 orat.

61 2913 88 2959 Ι,
111 2918 166 2959 54,
188 2920 255 2952 231
283 2919 387 2955 illam
413 2922 613 2958 orationem
639 2924 711 2960 sibi
735 2926 810 2969 for-

953 1349 1062 1384 obrui
1091 1351 1324 1389 miseratione
1357 1354 1444 1390 ‘von
1477 1356 1662 1404 Riihmng

904 1395 1131 1433 iibermann‘c
1157 1400 1336 1437 werden’.

951 1447 983 1479 3.
1016 1445 1114 1487 fessa
1148 1448 1281 1494 aetate]
1322 1448 1658 1499 ‘altersschwach'3

903 1501 929 1525 s.
957 1504 1001 1526 zu
1028 1492 1054 1537 I,
1085 1497 1140 1537 12,
1168 1498 1199 1529 8.

947 1542 1099 1586 parens]
1149 1542 1308 1579 Sextilia
1345 1544 1535 1591 Augusta3
1580 1550 1657 1595 vgl.

902 1586 947 1631 II,
970 1591 1026 1631 64,
1049 1593 1080 1624 8.
1109 1593 1165 1633 89,
1190 1594 1244 1626 12.
1273 1591 1506 1640 Gehassigen
1528 1595 1657 1633 Salon-

900 1635 976 1670 und
1021 1636 1248 1674 Hofklatsch
1288 1651 1361 1675 von
1400 1642 1466 1678 des
1513 1643 1656 1680 Sohnes

902 1683 1145 1727 angeblicher
1172 1685 1312 1722 Schuld
1339 1699 1387 1724 an
1413 1688 1533 1726 ihrem
1553 1692 1656 1728 Tode

901 1741 927 1764 s.
955 1730 1018 1766 bei
1045 1731 1147 1768 Sueh.
1175 1734 1250 1770 Vit.
1280 1739 1334 1770 14.

948 1783 980 1813 4.
1002 1785 1212 1824 opportuna
1237 1787 1350 1819 morte
1382 1786 1484 1820 steht
1505 1786 1565 1821 fiir
1588 1799 1653 1833 op-

898 1829 1058 1870 portune
1091 1830 1343 1876 (rechtzeitig)
1371 1836 1530 1871 mortua.
1564 1835 1649 1881 Vgl.

896 1873 940 1918 V,
963 1877 1008 1909 24
1028 1880 1234 1920 opportuno
1260 1880 1398 1915 merito.

944 1925 978 1957 5.
1017 1923 1154 1959 luctum
1186 1928 1219 1960 et
1257 1926 1389 1962 bonam
1424 1929 1581 1977 famam]
1622 1944 1650 1967 s.

894 1969 944 2013 ΙΙ,
973 1973 1019 2005 64
1045 1973 1140 2015 pari
1165 1973 1223 2017 (ac
1250 1973 1403 2010 Galeria.
1429 1979 1534 2022 uxor)
1560 1989 1650 2023 pro-

894 2017 1006 2052 bitate
1049 2022 1165 2055 mater
1210 2020 1440 2059 Vitelliorum
1478 2025 1650 2071 Sextilia,

893 2066 1041 2110 antiqui
1053 2068 1166 2103 moris
1179 2094 1189 2105 .
1205 2095 1212 2102 .
1229 2097 1236 2104 .
1252 2081 1317 2105 nee
1332 2071 1421 2106 ullis
1434 2076 1560 2116 postea
1573 2076 1649 2118 for-

892 2115 1005 2149 tunae
1030 2115 1221 2152 inlecebris
1243 2121 1310 2152 aut
1329 2119 1470 2155 ambitu
1489 2122 1650 2159 civitatis

895 2161 936 2196 in
945 2163 1125 2206 §audium
1139 2165 1254 2200 evicta
1263 2166 1390 2202 domus
1403 2178 1492 2203 suae
1503 2172 1648 2206 tamum

895 2210 1048 2245 adversa
1074 2213 1205 2255 sensim
1234 2212 1424 2251 Snefflsit.
1440 2216 1649 2262 3Seoetilia,

889 2258 1155 2301 probatissima
1179 2271 1244 2295 nee
1269 2261 1443 2306 igmobilis
1467 2264 1618 2307 femina.

942 2309 974 2340 6.
1002 2306 1169 2352 legionis]
1198 2318 1217 2343 e
1244 2308 1411 2345 classicis
1439 2311 1485 2355 (e.
1512 2316 1569 2358 55,
1597 2316 1644 2359 3).

943 2357 974 2389 7.
1001 2354 1190 2401 Narniae]
1222 2367 1249 2391 s.
1278 2367 1307 2392 c.
1337 2362 1392 2393 63.

934 2402 1041 2446 pullo
1067 2403 1220 2449 amictu]
1246 2403 1269 2438 i.
1298 2414 1328 2439 e.
1360 2406 1464 2441 veste
1491 2408 1645 2445 sordida

890 2449 951 2484 vel
976 2449 1138 2495 lugubri.

937 2496 1086 2532 Palatio
1095 2497 1322 2546 dem-editur]
1333 2499 1406 2535 Der
1415 2500 1644 2540 ki'irzereBe-

888 2543 986 2579 richt
1009 2545 1074 2580 des
1090 2544 1232 2580 Sueton
1252 2545 1329 2583 Vit.
1347 2552 1388 2583 15
1401 2550 1535 2586 weicht
1549 2552 1642 2588 viel-

887 2591 973 2627 fach
987 2592 1039 2627 im
1060 2592 1254 2628 einzelnen
1268 2595 1344 2630 und
1358 2598 1589 2634 namentlich
1603 2600 1643 2635 in

886 2639 952 2674 der
972 2639 1158 2686 Zeitfolge
1185 2641 1251 2675 der
1271 2641 1471 2689 Vorgange
1486 2645 1548 2681 bei
1575 2647 1641 2682 der

885 2686 1256 2732 Abdankungsscene
1276 2701 1351 2725 von
1372 2691 1437 2727 der
1450 2693 1641 2730 kunstvoll

885 2734 1411 2784 abgerundetenDarstessung
1419 2740 1483 2775 des
1492 2740 1639 2778 Taeab.

934 2786 966 2818 8.
993 2784 1141 2827 familia
1168 2784 1322 2820 umfasst
1347 2786 1407 2822 die
1430 2788 1639 2833 Freigelas-

887 2841 1000 2865 senen
1026 2831 1103 2865 und
1130 2830 1189 2866 die
1218 2831 1382 2868 Sklaven
1408 2834 1472 2870 des
1499 2835 1635 2872 kaiser—

884 2877 1010 2913 lichen
1036 2878 1275 2915 Haushaltes.

935 2929 966 2961 9.
995 2926 1042 2972 et]
1071 2938 1097 2961 s.
1125 2938 1168 2961 zu
1196 2938 1226 2962 c.
1255 2930 1311 2972 56,
1342 2933 1394 2964 17.

1299 2988 1347 3022 0ss
