1859 3182
106 816 164 856 44

180 120 237 161 42

702 118 862 153 TACITI
887 117 1227 154 HISTORIARUM

179 230 251 269 Iuli
285 236 323 268 et
354 230 478 268 honos
511 228 614 280 apud
640 230 928 280 praetorianOS,
962 241 1130 280 quorum
1161 229 1357 280 quondam
1385 229 1568 269 tribunus
1597 230 1738 283 fuerat,

179 291 333 340 ipsique
370 290 510 339 pagani
549 288 678 326 favore
720 287 948 338 municipali
986 293 1025 326 et
1063 288 1218 326 futurae
1257 289 1456 338 potentiae
1496 300 1565 340 spe
1602 290 1736 328 iuvare

178 354 310 398 partes
337 347 625 386 adnitebantur.
672 359 769 398 quae
791 351 834 385 ut
853 352 992 397 paratu
1021 347 1130 384 firma
1158 352 1197 385 et
1222 352 1336 385 aucta
1364 359 1522 386 rumore
1549 348 1651 399 apud
1678 360 1739 386 va·

180 408 259 444 rios
286 406 584 445 Vitellianorum
612 407 762 444 animos
788 404 1062 458 increbruere,
1096 405 1240 444 Fabius
1268 404 1407 444 Valens
1434 418 1524 445 cum
1553 412 1740 457 quattuor

125 474 160 499 10
179 465 493 516 speculatoribus
538 472 576 503 et
613 464 741 503 tribus
764 464 934 515 'amicis,

981 464 1145 503 totidem
1190 464 1491 503 centurionibus
1529 465 1575 503 ad
1621 477 1739 504 naves

177 524 420 576 regreditur,
453 524 604 562 Maturo
632 524 854 574 ceterisque
881 535 1085 562 remanere
1113 528 1151 562 et
1177 524 1216 561 in
1244 522 1361 561 verba
1382 523 1608 574 Vespasiani
1635 524 1740 575 adigi

177 582 399 621 volentibus
438 583 522 622 fuit.

585 588 760 622 ceterum
800 588 842 620 ut
879 594 985 620 mare
1025 583 1150 621 tutius
1183 581 1333 620 Valenti
1366 595 1482 633 quam
1520 582 1635 621 litora
1673 588 1740 621 aut

177 641 314 692 urbes,
346 643 399 680 ita
433 642 556 680 futuri
582 641 789 691 ambiguus
816 647 854 679 et
879 643 1018 692 magis,
1052 641 1144 692 quid
1173 642 1323 691 vitaret,
1356 653 1472 692 quam
1499 643 1564 680 cui
1590 641 1741 694 fideret,

178 706 312 739 certus
345 701 505 739 adversa
541 706 775 751 tempestate
803 699 1052 751 Stoechadas,
1085 699 1389 738 Massiliensium
1414 700 1580 753 insulem,
1613 700 1739 739 defer-

125 767 158 792 15
179 765 255 798 tur.
306 759 361 798 ibi
393 772 483 798 eum
517 761 657 798 missae
690 772 710 797 a
745 758 904 797 Paulino
937 758 1173 797 Liburnicae
1209 770 1455 808 oppressere.

297 818 417 869 Capto
452 818 610 856 Valente
644 823 785 856 cuncta
818 818 864 856 ad
899 819 1060 856 victoris
1093 829 1186 868 opes
1214 829 1414 869 conversa,
1447 818 1559 856 initio
1581 829 1652 868 per
1672 816 1738 855 Hi-

178 879 353 927 spaniam
386 890 405 915 a
438 879 564 928 prima
596 877 800 915 Adiutrice
832 876 984 927 legione
1016 883 1121 928 orto,
1154 887 1253 927 quae
1280 877 1470 915 memoria
1491 875 1657 915 Othonis
1684 877 1742 914 in-

177 936 285 974 fensa
307 935 459 974 Vitellio
487 936 692 975 decumam
719 948 876 987 quoque
898 948 941 974 ac
968 941 1117 974 sextam
1138 936 1269 973 traxit.
1314 947 1387 973 nec
1416 934 1561 974 Galliae
1582 940 1740 974 cuncta-

177 994 331 1033 bantur.
377 1000 416 1033 at
445 994 687 1033 Britanniam
717 994 928 1033 inclinatus
956 1007 1046 1045 erga
1074 994 1356 1045 Vespasianum
1384 994 1503 1046 favor,
1531 993 1634 1045 quod
1661 993 1741 1033 illic

140 1061 156 1087 5
178 1054 372 1092 secundae
394 1053 540 1104 legioni
561 1066 578 1092 a
601 1053 762 1092 Claudio
783 1055 1032 1104 praepositus
1059 1059 1096 1093 et
1112 1065 1217 1102 pace
1243 1058 1282 1091 et
1308 1052 1408 1091 bello
1436 1052 1565 1091 clarus
1592 1059 1739 1104 egerat,

176 1125 254 1150 non
275 1114 358 1150 sine
386 1119 495 1151 motu
522 1113 700 1151 adiunxit
719 1118 953 1164 ceterarum,
982 1114 1021 1150 in
1050 1112 1193 1163 quibus
1220 1111 1399 1162 plerique
1421 1113 1675 1150 centuriones
1696 1123 1741 1150 ac

175 1171 319 1210 milites
352 1184 373 1209 a
406 1171 558 1210 Vitellio
592 1173 770 1222 provecti
802 1176 1009 1222 expertum
1042 1172 1119 1209 iam
1151 1171 1373 1221 principem
1394 1171 1500 1209 anxii
1525 1170 1740 1209 mutabant.

224 1288 254 1319 7.
271 1285 431 1331 payani]
449 1285 523 1320 ‘die
540 1284 921 1329 Civilbevolkerung’3

176 1343 203 1366 s.
230 1343 273 1366 zu
299 1332 327 1376 I,
355 1336 411 1377 53,
440 1336 493 1367 13.

222 1380 329 1422 favor
365 1380 603 1423 municipalis
642 1378 920 1414 ‘Parteinahme

175 1426 233 1460 fiir
246 1427 351 1460 ihren
363 1426 598 1471 Mitbiirger'.
639 1426 673 1460 S.
690 1439 734 1460 zu
749 1438 778 1461 c.
794 1429 850 1468 34,
866 1429 919 1460 12.

218 1474 417 1519 potentiae]
440 1485 512 1517 qua
526 1473 704 1508 Paulinus
724 1484 808 1507 mox
822 1473 921 1517 apud

175 1519 451 1565 Vespasianum
504 1520 710 1565 principem
761 1520 920 1553 multum

174 1566 356 1602 valiturus
390 1570 496 1603 esset.
553 1559 653 1601 Uber
685 1566 744 1601 die
780 1566 920 1601 Bedeu-

176 1616 269 1658 tung
294 1626 366 1649 von
388 1616 554 1659 potentia
581 1615 654 1657 νεὶ.
682 1626 725 1648 zu
750 1613 776 1655 I,
806 1617 836 1657 1,
864 1617 895 1648 5.

224 1665 255 1696 8.
284 1662 440 1707 paratu]
476 1672 523 1697 sc.
551 1660 713 1697 militum
741 1663 777 1696 et
803 1672 921 1696 armo·

174 1720 265 1743 rum.
319 1709 353 1744 S.
380 1722 420 1743 zu
450 1710 494 1752 II,
522 1713 577 1751 59,
603 1712 634 1743 5.

221 1757 348 1790 varius
423 1755 721 1800 ‘schwankend,

176 1803 391 1838 schlossen’.

225 1854 278 1885 10.
299 1850 599 1896 speculatoribus]
618 1849 920 1893 ‘Leibw‘achter’3

176 1909 203 1932 s.
231 1909 273 1931 zu
300 1898 326 1940 l,
354 1902 410 1941 24,
437 1902 469 1933 8.

221 1945 381 1991 totidem]
404 1947 546 1990 septem
561 1956 608 1979 an
622 1944 763 1980 tribus?
790 1944 875 1989 Vgl.
891 1955 921 1981 c.

175 1995 231 2034 41,
262 1997 291 2026 1.

224 2042 276 2073 12.
315 2039 517 2074 volentibus
553 2039 627 2082 fuit
684 2037 920 2073 Graecismus

174 2084 431 2166 &omousianis
463 2083 591 2126 αὐτοῖς
621 2088 683 2130 ην)
712 2086 805 2120 nach
838 2086 922 2120 dem

209 2144 372 2178 organge
404 2144 476 2168 von
513 2132 653 2168 Sallust
685 2132 777 2177 (Iug.
804 2136 860 2176 84,
889 2137 920 2168 3.

177 2183 253 2223 100,
287 2182 322 2224 4)
357 2180 432 2214 und
468 2179 596 2215 Livius
629 2180 740 2224 (XXI,
767 2183 824 2223 50,
853 2182 921 2224 10).

177 2226 323 2261 Ebenso
352 2228 438 2271 Agr.
477 2231 519 2262 18
551 2229 683 2272 quibus
709 2228 837 2262 bellum
862 2238 921 2262 vo-

175 2275 330 2309 lentibus
355 2278 448 2316 erat3
476 2274 518 2309 A.
545 2275 572 2317 Ι,
594 2279 637 2309 59
658 2279 699 2310 ut
723 2276 922 2319 quibusque

175 2322 304 2356 bellum
329 2322 456 2356 invitis
482 2325 547 2356 aut
573 2323 919 2368 cupientibus-era&

175 2369 250 2412 vgl.
290 2368 413 2404 Madv.
450 2372 468 2410 ἓ
507 2372 576 2404 246
611 2371 652 2403 A.
694 2373 726 2403 3.
790 2362 918 2404 Ubers.

177 2415 323 2450 ‘liessen
350 2416 428 2450 sich
454 2417 660 2461 angelegen
686 2415 794 2458 sein’.

225 2466 278 2496 14.
300 2462 511 2498 Stoechades
526 2463 553 2507 j.
580 2463 633 2498 les
648 2464 716 2498 iles
732 2462 919 2507 d'Hyeres.

222 2510 512 2545 Massiliensium
529 2511 688 2556 insulas]
715 2509 788 2545 Der
801 2509 919 2545 blosse

174 2555 260 2591 Ace.
306 2557 364 2590 bei
402 2558 467 2591 der
498 2558 722 2602 Apposition
760 2557 826 2592 auf
861 2557 920 2591 die

174 2602 295 2647 Frage
328 2604 474 2638 wohin‘?
508 2605 557 2639 ist
595 2605 679 2639 sehr
711 2605 828 2640 selten
861 2605 920 2648 (II,

176 2654 208 2692 8,
235 2654 269 2693 8;
296 2650 369 2685 Cic.
392 2651 437 2685 de
458 2651 529 2696 leg.
552 2663 628 2695 agr.
650 2652 683 2685 II
704 2656 723 2693 ξ
745 2654 819 2695 76),
846 2652 920 2696 vgl.

175 2696 298 2732 Madv.
331 2701 350 2739 ξ
376 2702 444 2732 232
480 2700 522 2732 A.
559 2703 589 2734 2.
627 2698 776 2734 Schultz
807 2703 825 2741 ξ
852 2702 920 2733 259

175 2744 217 2823 ἒ.
245 2749 277 2779 4.
311 2745 492 2789 Heraeus,
520 2746 583 2781 lat.
613 2747 781 2791 Schulgr.
809 2749 828 2788 ξ
854 2749 921 2779 110

208 2803 280 2826 nm.
309 2796 341 2826 3.

226 2842 293 2885 15.ι
318 2840 518 2883 opprimere
555 2839 778 2886 bezeichnet·
809 2839 921 2874 ofters

176 2885 235 2919 ein
282 2879 560 2931 Uberwaltigen
605 2887 721 2922 durch
766 2878 921 2921 Uberra-

789 1757 921 1790 unent-

996 1284 1137 1329 schung
1169 1283 1258 1318 oder
1289 1273 1476 1327 Uberfalh
1513 1283 1589 1329 vgl.
1631 1294 1662 1318 c.
1697 1286 1741 1318 68

994 1332 1186 1376 repentina
1223 1332 1278 1366 vis
1296 1369 1304 1376 ‚
1308 1332 1523 1376 dictatorem
1557 1330 1744 1366 Caesarem

995 1381 1230 1459 &presserat
1272 1377 1388 1459 612Jber
1432 1378 1498 1412 das
1536 1377 1640 1412 Ende
1680 1378 1743 1413 des

1030 1436 1052 1458 a
1070 1436 1134 1460 ens
1161 1436 1187 1460 s.
1215 1436 1244 1459 c.
1321 1452 1327 1457 .

1041 1471 1104 1506 44.
1122 1476 1153 1508 1.
1168 1473 1277 1507 initio
1299 1501 1306 1508 .
1329 1501 1336 1508 .
1359 1501 1366 1508 .
1390 1472 1483 1518 orto]
1501 1483 1525 1507 s,
1543 1484 1586 1506 zu
1600 1476 1696 1516 c.14‚
1710 1476 1742 1507 2.

1042 1523 1073 1553 2.
1096 1520 1222 1563 prima
1242 1519 1451 1565 Adiutrice]
1479 1532 1505 1554 s.
1533 1531 1576 1554 zu
1595 1518 1623 1562 I,
1650 1523 1681 1563 6,
1709 1523 1742 1555 9.

996 1566 1056 1600 Sie
1082 1578 1159 1601 war
1179 1578 1250 1602 von
1269 1566 1345 1601 Vit.
1366 1568 1462 1601 nach
1484 1565 1645 1611 Spanien
1665 1577 1743 1601 ver-

994 1614 1075 1657 legt
1099 1614 1250 1649 worden
1277 1613 1335 1658 (II,
1363 1618 1434 1657 67).

1043 1664 1073 1696 5.
1108 1672 1131 1696 a
1166 1660 1339 1707 Claudio]
1372 1660 1424 1695 im
1456 1661 1489 1695 J.
1517 1664 1562 1695 43
1596 1673 1630 1696 n.
1659 1659 1743 1696 Chr.

994 1709 1103 1742 unter
1128 1708 1212 1743 dem
1239 1707 1463 1743 Oberbefehl
1489 1707 1553 1743 des
1573 1708 1616 1742 A.
1636 1707 1744 1742 Plau-

993 1755 1068 1789 tius
1111 1755 1295 1790 Silvanus.
1353 1756 1387 1791 S.
1424 1754 1510 1799 Agr.
1556 1758 1599 1789 13
1636 1755 1744 1790 divus

996 1801 1175 1837 Claudius
1197 1806 1325 1838 auctor
1343 1804 1468 1837 iterati
1487 1803 1606 1846 operis
1623 1805 1743 1837 trans-

994 1850 1101 1884 vectis
1145 1850 1350 1895 leyionibus
1395 1852 1427 1883 et
1471 1850 1663 1894 adsumpto
1701 1849 1744 1884 in

989 1900 1134 1941 partem
1158 1908 1279 1931 rerum
1303 1896 1536 1941 Vespasiano.

1041 1944 1144 1989 pace]
1173 1944 1229 1978 als
1257 1943 1599 1988 Civilgouverneur.

1043 1991 1165 2026 clarus
1196 1991 1331 2037 eyerat]
1380 1983 1477 2026 Uber
1509 1990 1569 2025 die
1599 1989 1742 2025 Bedeu-

995 2040 1089 2083 tung
1125 2039 1189 2072 des
1223 2039 1371 2073 absolut
1403 2037 1607 2072 stehenden
1639 2048 1743 2082 aqere

997 2097 1024 2120 s,
1046 2098 1088 2119 zu
1109 2097 1138 2120 c.
1161 2089 1216 2127 42,
1246 2089 1282 2127 73
1308 2085 1401 2119 iiber
1420 2084 1479 2119 die
1498 2083 1743 2129 Verbindung

995 2133 1065 2167 mit
1085 2132 1204 2166 einem
1224 2131 1402 2177 Adjektiv
1422 2143 1448 2166 S.
1466 2133 1507 2166 A.
1529 2131 1556 2175 Ι,
1577 2134 1621 2166 68
1642 2132 1743 2168 haud

995 2181 1116 2214 minus
1159 2180 1300 2224 inquies
1345 2179 1549 2213 Germanus
1595 2179 1742 2223 ayebat;

995 2226 1056 2269 ΙΙΙ,
1078 2229 1122 2260 38
1139 2226 1340 2261 Thraecia.
1357 2254 1364 2261 .
1381 2226 1601 2261 ,insolentia
1625 2225 1743 2261 nostri

994 2274 1130 2308 discors
1156 2273 1300 2318 ayebat3
1327 2272 1406 2317 XV,
1433 2277 1477 2307 23
1503 2274 1580 2317 ipse
1604 2276 1646 2308 ut
1671 2273 1742 2308 lae-

994 2322 1116 2363 titiae,
1147 2322 1201 2355 ita
1236 2321 1409 2356 maeroris
1433 2320 1636 2355 inmodicus
1661 2321 1741 2365 eyit.

994 2368 1121 2402 Dieser
1147 2367 1344 2403 Gebrauch
1376 2367 1491 2402 findet
1516 2367 1594 2402 sich
1619 2367 1743 2402 zuersb

993 2414 1054 2449 bei
1081 2414 1169 2451 Sall.
1195 2415 1281 2450 hist.
1309 2414 1325 2448 Ι
1350 2415 1394 2451 fr.
1423 2418 1466 2449 69
1496 2414 1634 2449 Mauri
1658 2424 1740 2449 con-

993 2463 1185 2497 tendebant
1219 2462 1430 2506 Antipodas
1467 2462 1581 2497 iustos
1620 2471 1741 2506 ayere3

993 2508 1025 2543 11
1052 2509 1094 2545 fr.
1123 2513 1167 2544 50
1200 2513 1219 2551 ἓ
1246 2513 1267 2544 4
1294 2510 1467 2554 privatus
1498 2509 1570 2553 e9i3
1603 2512 1622 2551 ξ
1648 2512 1669 2543 ὂ
1700 2511 1742 2543 ut

992 2557 1095 2599 fama
1120 2561 1151 2591 et
1176 2558 1336 2599 fortunis
1361 2557 1497 2600 inteyer
1522 2566 1621 2600 aqas.

1043 2608 1073 2638 6.
1102 2604 1316 2650 ceterarum]
1344 2603 1544 2638 besonders
1571 2603 1636 2637 der
1661 2602 1738 2637 XX.

995 2650 1151 2695 Legion3
1185 2651 1258 2696 vgl.
1292 2654 1378 2695 Agr.
1407 2655 1425 2684 7
1453 2651 1485 2685 is
1518 2649 1741 2694 (Mucianus)

994 2699 1205 2743 Ayricolam
1242 2699 1429 2733 vicesimae
1467 2698 1600 2742 leyioni
1637 2697 1741 2732 tarde

994 2747 1042 2779 act
1068 2749 1333 2781 sacramentum
1362 2749 1607 2789 transqressae
1637 2754 1740 2788 prae-

967 2804 970 2805 ’
1019 2794 1123 2827 osuit.

988 2804 1016 2836 P
1043 2843 1072 2874 7.
1095 2839 1270 2884 provecti]
1298 2851 1325 2874 s.
1353 2851 1397 2874 zu
1422 2838 1467 2883 II,
1494 2841 1548 2882 75,
1575 2841 1608 2874 8.

1042 2890 1183 2921 mutare
1212 2885 1503 2921 ‘austauschen’.
