1859 3182
211 106 293 147 154

733 103 891 139 TACITI
917 103 1251 138 HISTORIARUM

206 216 369 268 perinde
403 217 513 254 firma
546 216 702 266 imperii
735 216 975 253 munimenta
1009 227 1125 265 quam
1159 226 1366 253 numerum
1400 212 1633 266 liberorum3
1679 226 1767 252 nam

172 286 187 311 5
210 277 354 314 amicos
381 280 557 326 tempore
581 275 747 326 fortuna,
775 273 1026 324 cupidinibus
1047 273 1255 325 aliquando
1276 279 1343 311 aut
1363 272 1567 311 erroribus
1588 274 1768 312 imminui

208 335 416 373 transferri
450 334 648 372 desinere:
689 345 802 372 suum
837 334 979 384 cuique
1013 334 1243 383 sanguinem
1276 332 1553 382 indiscretum,
1587 332 1654 370 sed
1689 344 1765 370 ma-

206 395 307 432 xime
347 393 611 444 principibus,
657 404 824 444 quorum
856 394 1057 443 prosperis
1096 398 1132 430 et
1166 391 1231 429 alii
1275 391 1474 442 fruantur,
1520 390 1679 429 adversa
1720 391 1765 429 ad

205 453 474 492 iunctissimos
496 454 731 503 pertineant.
775 463 823 490 ne
854 451 1041 490 fratribus
1069 450 1226 502 quidem
1254 462 1477 488 mansuram
1505 450 1766 501 concordiam,

206 514 245 550 ni
273 524 415 562 parens
444 511 664 563 exemplum
686 510 945 562 praebuisset.
989 510 1251 560 Vespasianus
1273 508 1374 547 haud
1404 521 1526 559 aeque
1547 508 1767 547 Domitiano

153 582 186 607 10
206 572 407 622 mitigatus
441 583 556 622 quam
584 570 663 608 Titi
694 571 838 621 pietate
866 570 1056 621 gaudens,
1091 569 1192 607 bono
1227 580 1312 606 esse
1346 568 1475 606 animo
1508 567 1617 606 iubet
1649 567 1767 606 bello-

207 643 282 682 que
317 635 356 669 et
388 632 507 669 armis
541 642 622 668 rem
656 629 851 680 publicam
885 629 1079 668 attollere:
1112 627 1187 666 sibi
1218 639 1355 678 pacem
1382 627 1620 678 domumque
1649 639 1765 666 curae

205 690 299 728 fore.

357 695 441 728 tum
475 689 701 728 celerrimas
733 690 888 727 navium
923 689 1119 727 frumento
1159 691 1320 725 onustas
1360 698 1474 724 saevo
1508 686 1634 724 adhuc
1667 687 1766 724 mari

204 750 429 788 committit:
477 751 620 800 quippe
654 752 762 786 tanto
801 748 1027 786 discrimine
1060 745 1155 785 urbs
1193 745 1374 797 nutabat,
1413 751 1456 784 ut
1495 745 1630 783 decem
1663 745 1766 784 haud

204 808 371 859 amplius
416 808 569 846 dierum
608 807 849 845 frumentum
895 808 933 845 in
973 807 1126 845 horreis
1165 805 1301 857 fuerit,
1348 816 1437 843 cum
1469 816 1490 842 a
1528 803 1764 855 Vespasiano

151 880 184 905 15
205 872 445 906 commeatus
479 867 708 905 SUbvenffl'e.

134 928 189 970 53

324 927 467 964 Curam
500 925 736 964 restituendi
769 924 948 976 Capitolii
981 926 1020 963 in
1054 924 1094 962 L.
1128 923 1331 962 Vestinum
1364 922 1534 969 confert,
1568 923 1764 973 equestris

204 985 353 1023 ordinis
387 987 531 1037 virum,
565 985 632 1024 sed
666 986 898 1023 auctoritate
932 985 1110 1034 famaque
1144 984 1246 1021 inter
1280 994 1476 1034 proceres.
1521 980 1568 1019 ab
1602 994 1647 1020 eo
1675 993 1763 1020 eon-

203 1046 319 1083 tracti
353 1044 582 1096 haruspices
616 1056 820 1095 monuere,
862 1049 905 1082 ut
938 1042 1127 1093 reliquiae
1159 1043 1303 1092 prioris
1336 1040 1490 1079 delubri
1528 1041 1568 1078 in
1601 1040 1763 1091 paludes

203 1104 481 1155 avellerentur,
514 1103 704 1154 templum
737 1103 861 1142 isdem
894 1103 1069 1152 vestigiis
1103 1103 1329 1140 sisteretur:
1361 1099 1463 1138 nolle
1499 1099 1593 1138 deos
1622 1100 1766 1138 mutari

167 1177 183 1203 5
205 1169 377 1201 veterem
417 1164 592 1202 formam.

656 1161 709 1200 XI
746 1162 930 1201 kalendas
972 1160 1088 1200 Iulias
1127 1172 1266 1199 serena
1304 1159 1391 1198 luce
1429 1160 1598 1210 spatium
1637 1171 1763 1211 omne,

205 1222 308 1273 quod
341 1222 487 1274 templo
520 1221 741 1273 dicabatur,
775 1223 974 1260 evinctum
1006 1221 1113 1258 vittis
1145 1220 1382 1270 coronisque
1412 1219 1582 1269 ingressi
1606 1217 1764 1270 milites,

205 1283 291 1332 quis
338 1282 462 1320 fausta
507 1283 682 1333 nomina,
727 1280 908 1319 felicibus
947 1280 1084 1331 ramis3
1130 1278 1220 1317 dein
1262 1279 1434 1329 virgines
1466 1276 1640 1315 Vestales
1673 1289 1764 1316 cum

251 1375 281 1408 5.
315 1373 532 1418 aliquando]
575 1372 688 1407 ‘daun
720 1371 794 1406 und
822 1382 941 1415 wann,

203 1419 442 1454 manchmal’.

251 1471 282 1501 6.
310 1467 521 1512 transferri]
553 1478 600 1501 sc.
628 1467 667 1500 in
687 1465 780 1500 alias
801 1465 941 1500 domus.

250 1515 483 1559 indiscretus]
514 1513 854 1555 ‘unzertrennlich',
870 1524 942 1547 wo-

201 1561 258 1595 fiir
309 1560 393 1596 Tac.
441 1561 482 1596 A.
533 1561 593 1604 VI,
642 1564 684 1594 10
728 1560 944 1594 individuus·

202 1609 418 1653 gebi-auant.
459 1609 538 1642 Von
565 1610 707 1642 tilteren
729 1607 943 1642 Klassikern

203 1657 268 1690 hat
294 1656 358 1690 das
386 1656 494 1691 Wort
520 1669 587 1689 nur
614 1656 740 1690 Varro.
815 1652 820 1659 '

251 1707 280 1737 7.
309 1707 340 1737 et
366 1705 449 1747 alii]
477 1716 501 1738 s,
531 1716 574 1737 zu
600 1702 661 1745 III,
688 1706 720 1745 2,
748 1705 780 1736 8.

251 1756 281 1785 8.
308 1752 556 1785 iunctissimus
577 1751 723 1784 absolui,
743 1750 838 1784 nach
859 1749 942 1783 dem

201 1799 398 1842 Vorgange
425 1809 497 1832 von
524 1797 588 1832 Ov.
618 1798 704 1833 meh.
732 1797 775 1839 V,
798 1802 842 1832 60
868 1796 941 1841 Dy-

201 1846 310 1880 cabas
345 1846 595 1880 iunctissimus
629 1846 687 1879 illi
713 1872 719 1878 .
750 1872 756 1878 .
786 1873 792 1880 .
821 1855 940 1878 comes.

242 1894 427 1937 pertinere
455 1892 629 1928 ‘treffen'.

252 1944 306 1974 10.
333 1940 446 1986 iubet]
475 1940 576 1974 Dazu
603 1939 748 1984 ergiebt
770 1938 848 1973 sich
876 1949 941 1972 aus

201 1988 285 2022 dem
313 1988 631 2032 Zmammenhang
666 1987 720 2022 als
748 1986 939 2021 Pei-sonal-

202 2034 331 2079 objekt
360 2035 492 2069 Titum.

252 2086 305 2118 11.
333 2083 493 2117 attollere
520 2081 637 2126 ‘gross
660 2081 843 2116 machen'.

254 2134 308 2164 12.
341 2140 445 2164 saevo
483 2130 595 2175 mari]
636 2129 704 2163 wie
745 2128 834 2162 Sall.
868 2128 945 2172 Ing.

206 2181 258 2220 17,
288 2181 307 2211 5
334 2188 431 2211 viare
456 2188 599 2211 saevum
624 2176 720 2210 nach
747 2175 831 2210 dem
857 2174 946 2209 Vor-

203 2236 323 2269 gange
387 2224 451 2258 des
510 2223 651 2259 Navius
707 2222 769 2257 bei
819 2222 948 2256 Festus

203 2284 236 2317 p.
252 2275 331 2314 392,
353 2272 374 2306 b
391 2272 461 2314 (ed.
480 2271 515 2307 C.
534 2271 599 2305 Od.
616 2270 775 2314 Mtiller).
804 2270 948 2304 Ebcnso

203 2320 356 2354 saevitia
387 2321 499 2354 maris
524 2318 619 2353 Vell.
648 2319 673 2361 I,
706 2321 739 2360 2,
765 2321 797 2352 3.
851 2316 947 2351 Curt.

202 2366 263 2408 1V,
293 2370 323 2409 3,
353 2370 382 2400 7.
435 2366 468 2400 So
498 2378 539 2400 zu
569 2377 596 2400 c.
625 2369 681 2407 38,
709 2369 739 2399 5.

252 2413 315 2449 53.
346 2417 374 2448 1.
406 2414 595 2459 Capitolii]
624 2426 650 2447 s.
679 2412 738 2456 III,
768 2415 822 2447 71.

251 2462 294 2495 L.
330 2461 497 2496 Vestinus
529 2472 605 2495 war
639 2459 737 2494 wohl
765 2459 945 2502 derselbe‚

204 2520 275 2543 von
314 2508 395 2542 dem
425 2508 598 2542 Claudius
631 2507 675 2542 in·
701 2506 821 2541 seiner
846 2506 946 2540 Rede

204 2557 296 2590 iiber
331 2556 395 2589 das
430 2557 489 2589 ius
514 2556 688 2590 honorum
715 2556 779 2589 der
806 2553 946 2588 Gallier

207 2604 258 2648 (S.
280 2606 347 2637 279
369 2603 426 2637 bei
452 2602 576 2647 Nipp.)
598 2603 697 2647 sagt:
725 2613 768 2635 ea:
794 2612 865 2645 qua
891 2612 944 2635 eo—

207 2651 308 2685 lonia
347 2650 640 2694 (Viennensium)
680 2651 774 2683 inter
806 2659 946 2693 paucos

205 2698 375 2742 equestris
411 2698 552 2731 ordinis
589 2700 859 2736 ornamentum,
899 2695 943 2729 L.

211 2745 414 2787 Vestinum,
449 2745 738 2788 familiarissime
776 2744 889 2787 diligo
915 2747 946 2778 et

206 2793 378 2837 hodieque
428 2792 468 2826 in
517 2793 621 2826 rebus
664 2792 751 2826 meis
795 2791 945 2832 detineo,

207 2850 350 2874 woraus
389 2838 603 2884 Nipperdey
643 2838 829 2882 schlicsst,
866 2837 957 2872 dass,

207 2898 246 2921 er
266 2886 488 2921 Procurator
503 2886 668 2921 Caesaris
691 2896 861 2930 gewesen
881 2884 943 2919 sei.

1062 1374 1094 1404 2.
1107 1368 1298 1414 contracti]
1316 1367 1339 1401 i.
1353 1379 1382 1403 e.
1393 1367 1586 1402 convocati
1596 1379 1639 1402 ex
1655 1368 1763 1402 Etru-

1014 1418 1090 1452 riae
1107 1417 1265 1461 oppidis,
1289 1415 1385 1461 unde
1409 1413 1589 1459 originem
1602 1414 1763 1449 ducebat:

1016 1465 1213 1508 disciplina
1232 1462 1493 1506 haruspicinae
1514 1463 1572 1507 (A.
1600 1461 1660 1504 XI,
1689 1464 1758 1505 15).

1063 1513 1147 1546 3in
1161 1510 1327 1555 paludes]
1340 1508 1541 1544 Ostienses.
1563 1510 1604 1544 A.
1619 1509 1698 1553 XV,
1715 1513 1760 1544 43

1016 1559 1141 1594 ruderi
1179 1557 1391 1601 accipiendo
1433 1555 1610 1591 Ostienses
1644 1557 1757 1600 palu-

1017 1608 1076 1641 des
1102 1606 1309 1641 destinabat
1335 1604 1474 1648 (Nero).

1062 1658 1097 1689 4.
1122 1654 1234 1688 isdem
1258 1652 1418 1696 vestigiis
1442 1650 1645 1696 sisteretur]
1687 1650 1761 1686 Der

1015 1701 1169 1745 Tempel
1195 1699 1306 1734 sollte
1331 1698 1437 1733 nicht
1458 1698 1547 1732 iiber
1573 1697 1632 1732 die
1655 1698 1759 1733 alben

1015 1749 1270 1782 Fundamente
1283 1746 1414 1781 hinaus
1430 1744 1759 1790 gerflcktwerden.

1015 1795 1098 1840 Vgl.
1127 1795 1188 1838 III,
1215 1798 1269 1830 72.
1304 1794 1416 1828 isdem
1440 1803 1569 1827 rursus
1594 1793 1759 1838 vestiyiis

1014 1844 1124 1878 situm
1149 1846 1208 1878 est.
1260 1842 1303 1876 A.
1330 1840 1392 1884 IV,
1419 1844 1475 1875 37.
1505 1839 1584 1882 XV,
1612 1842 1669 1875 18.

1064 1893 1096 1924 5.
1128 1901 1253 1924 serena
1293 1888 1383 1934 luce]
1423 1887 1599 1932 gesuchte
1637 1887 1755 1922 Neue-

1014 1950 1109 1982 rung
1135 1937 1194 1971 fiir
1218 1946 1340 1972 sereno
1366 1935 1474 1970 eaelo.

1065 1989 1096 2020 7.
1133 1985 1260 2028 fausta
1299 1983 1449 2018 nomina
1490 1981 1757 2026 ‘gliickbedeu-

1018 2033 1128 2067 tende
1161 2031 1333 2074 Namen’,
1373 2030 1441 2064 wie
1478 2028 1643 2070 Salvius,
1679 2029 1759 2063 Sta-

1017 2079 1152 2122 torius,
1178 2078 1383 2123 Longinus,
1413 2075 1592 2120 Valerius,
1623 2075 1759 2111 Victor.

1019 2128 1104 2172 Vgl.
1127 2126 1200 2162 Cic.
1227 2127 1272 2160 de
1293 2125 1367 2159 div.
1388 2124 1404 2158 I
1423 2127 1442 2166 ξ
1465 2127 1530 2158 102
1552 2134 1632 2158 cum
1651 2124 1760 2168 impe-

1020 2179 1122 2209 rator
1172 2174 1387 2215 ereo-citum,
1429 2181 1552 2206 censor
1585 2171 1762 2215 populum

1023 2223 1210 2263 lustraret,
1267 2220 1370 2255 bonis
1425 2218 1648 2261 nominibus,
1698 2218 1762 2263 qui

1022 2270 1158 2304 hostias
1183 2269 1366 2310 ducerent,
1392 2265 1636 2311 eliyebantum·
1667 2266 1762 2310 quod

1022 2318 1115 2352 idem
1146 2317 1186 2350 in
1217 2316 1351 2350 dilectu
1376 2313 1536 2349 eonsules
1561 2313 1762 2357 observant,

1022 2368 1062 2399 ut
1091 2364 1237 2409 primus
1268 2362 1367 2396 miles
1392 2362 1458 2404 fiat
1484 2360 1574 2395 bono
1599 2361 1762 2402 nomine,-

1024 2412 1116 2446 l'lin.
1140 2423 1172 2445 n.
1194 2411 1228 2444 h.
1253 2407 1418 2449 XXVIII,
1439 2412 1473 2451 2,
1494 2411 1537 2442 22
1559 2418 1624 2442 eur
1638 2408 1761 2452 publi-

1023 2460 1073 2493 cis
1111 2458 1236 2493 lustris
1276 2457 1384 2492 etiam
1415 2456 1566 2490 nomina
1596 2455 1762 2490 victimas

1019 2506 1226 2541 ducentium
1241 2514 1419 2549 prospera
1444 2502 1635 2546 eliy'imus?

1065 2555 1184 2596 felices
1203 2553 1299 2587 rami
1313 2551 1393 2585 sind
1412 2549 1760 2595 glfickbedeutende

1022 2601 1183 2645 Zweige,
1225 2600 1258 2633 d.
1294 2599 1328 2633 h.
1362 2598 1458 2632 rami
1497 2598 1668 2631 arborum
1705 2597 1763 2632 dis

1018 2652 1210 2692 mutarum
1236 2645 1333 2680 nach
1355 2644 1515 2679 Macrob.
1545 2644 1619 2679 Sat.
1650 2643 1691 2688 ΙΙ,
1719 2647 1761 2678 16

1020 2695 1219 2730 besonders
1266 2693 1421 2727 Eichen-
1468 2691 1646 2726 Lorbeer-
1688 2691 1762 2725 und

1019 2741 1315 2787 Myrtenzweige.
1341 2739 1426 2785 Vgl.
1449 2739 1567 2773 Amm.
1588 2737 1719 2783 XXIX,
1743 2742 1760 2772 1

1017 2790 1188 2824 verbenas
1206 2788 1324 2832 felicis
1338 2787 1479 2822 arboris
1499 2789 1660 2831 qestan33
1683 2785 1760 2821 Liv.

1019 2836 1092 2880 XL,
1114 2841 1157 2872 37
1190 2846 1310 2872 omnes
1341 2835 1511 2870 coronati
1543 2836 1575 2868 et
1600 2834 1763 2868 lawream

1018 2884 1059 2918 in
1084 2895 1197 2919 manu
1223 2885 1380 2920 tenentes
1405 2881 1713 2927 supplicaverunt.
1760 2918 1762 2920 ,
