1859 3182
195 102 250 144 88
721 98 886 134 TACITI
911 97 1248 134 HISTORIARUM

194 212 261 252 illo
308 211 576 251 consummari
621 209 878 248 clamitantes.
940 208 1079 247 urbem
1118 209 1273 247 senatui
1310 220 1354 246 ac
1391 207 1536 258 populo
1569 207 1758 260 Romano,

194 270 341 322 templa
374 270 434 309 dis
466 269 638 308 reddita:
684 269 891 320 proprium
923 279 1010 306 esse
1041 267 1176 306 militis
1210 267 1331 305 decus
1372 268 1412 305 in
1451 267 1610 318 castris;
1653 266 1760 306 illam

195 332 374 381 patriam,
407 328 494 367 illos
520 333 700 379 penates3
733 329 774 366 ni
800 327 931 365 statim
964 328 1219 377 recipiantur,
1246 331 1402 364 noctem
1428 326 1470 364 in
1497 326 1616 364 armis
1643 338 1758 376 agen-

196 389 296 427 dam.
360 393 496 427 contra
537 386 750 437 Vitelliani⁷
797 398 1032 437 quamquam
1071 397 1235 423 numero
1269 385 1428 435 satoque
1467 384 1665 436 dispares,
1703 385 1762 423 in·

145 460 179 485 10
201 449 377 498 quietare
410 447 633 497 victoriam,
665 446 811 483 morari
843 456 1000 496 pacem,
1033 444 1169 483 domos
1208 455 1375 495 arasque
1407 455 1549 482 cruore
1585 443 1761 482 foedare:

145 755 178 780 15

146 1050 179 1075 20

196 518 379 558 suprema
422 506 536 544 victis
587 504 729 543 solacia
774 503 1123 554 amplectebantur.
1191 502 1305 541 multi
1347 503 1597 540 semianimes
1642 513 1763 552 super

197 571 330 604 turres
357 570 396 603 et
421 562 717 616 propugnacula
756 563 954 601 moenium
986 563 1253 613 exspiravere3
1287 560 1484 599 convulsis
1516 561 1642 611 portis
1674 560 1761 599 reli-

198 636 299 676 quus
326 623 465 675 globus
493 622 636 661 obtulit
658 634 699 660 se
721 620 950 673 victoribus,
976 626 1015 660 et
1038 621 1218 660 cecidere
1240 632 1375 658 omnes
1397 620 1606 658 contrariis
1626 618 1765 658 vulne-

195 683 307 722 ribus
339 683 443 721 versi
475 683 516 720 in
548 681 720 720 hostem:
754 693 799 719 ea
825 692 920 719 cura
946 681 1064 719 etiam
1089 678 1350 718 morientibus
1372 678 1507 717 decori
1527 679 1656 717 exitus
1677 678 1765 717 fuit.

317 741 497 780 Vitellius
530 746 642 791 capta
675 739 773 778 urbe
806 751 878 790 per
910 751 1086 778 aversam
1124 738 1263 777 Palatii
1299 743 1453 788 partem
1489 736 1763 787 [Aventinum]

199 802 240 839 in
274 801 434 839 domum
466 801 602 838 uxoris
641 798 778 837 sellula
816 798 1011 850 defertur,
1052 793 1122 849 ut‚‘
1158 799 1191 835 si
1229 796 1334 835 diem
1365 795 1516 835 latebra
1552 797 1767 847 vitavisset,

199 859 452 898 Tarracinam
497 858 543 896 ad
590 858 774 896 cohortes
818 857 1058 908 fratremque
1103 856 1344 907 perfugeret.
1407 855 1499 893 dein
1546 854 1764 893 mobilitate

198 919 348 969 ingenii
375 923 435 968 et,
470 930 568 968 quae
596 922 736 955 natura
762 917 918 967 pavoris
945 921 1023 967 est,
1057 927 1147 954 cum
1174 916 1303 953 onmia
1329 914 1522 952 metuenti
1544 915 1767 965 praesentia

198 978 365 1016 maxime
399 976 672 1027 displicerent,
721 976 761 1013 in
798 975 992 1014 Palatium
1030 974 1256 1026 regreditur
1288 978 1440 1012 vastum
1474 972 1768 1023 desertumque,

200 1035 359 1086 dilapsis
394 1036 511 1074 etiam
543 1035 688 1073 infimis
722 1036 975 1073 servitiorum
1008 1039 1075 1072 aut
1107 1045 1318 1072 occursum
1351 1033 1437 1070 eius
1466 1030 1768 1070 declinantibus.

199 1100 324 1134 terret
357 1094 527 1132 solitudo
561 1099 600 1132 et
633 1098 809 1132 tacentes
841 1093 935 1145 loci3
968 1098 1135 1143 temptat
1168 1092 1316 1144 clausa,
1349 1091 1590 1129 inhorrescit
1615 1091 1766 1141 vacuis3

198 1154 408 1204 fessusque
455 1154 600 1191 misero
646 1164 780 1191 errore
826 1157 864 1190 et
908 1151 1091 1203 pudenda
1129 1150 1279 1189 latebra
1318 1155 1443 1188 semet
1481 1149 1683 1188 occultans
1721 1148 1770 1187 ab

198 1212 296 1251 Iulio
336 1212 493 1250 Placido
534 1211 694 1250 tribuno
735 1211 909 1250 cohortis
948 1209 1205 1261 protrahitur.
1268 1210 1421 1247 vinctae
1465 1220 1568 1259 pone
1612 1214 1769 1259 tergum

1026 1358 1095 1393 wie
1123 1357 1237 1393 sehon
1265 1357 1331 1392 das
1356 1357 1499 1392 Fehlen
1519 1356 1584 1391 der
1604 1356 1684 1391 hier
1703 1368 1770 1390 un-

1027 1404 1310 1440 entbehrlichen
1335 1405 1444 1449 Prap.
1471 1405 1513 1439 in
1538 1402 1702 1439 beweist.

248 1366 279 1396 6.
307 1361 566 1406 consummari]
598 1360 711 1394 ‘finde
732 1359 859 1395 seinen
878 1358 952 1394 Ab·

204 1408 371 1444 schluss’.

249 1460 280 1490 8.
308 1455 551 1500 recipiantur]
581 1455 614 1490 d.
634 1455 657 1489 i.
685 1455 952 1498 recuperentur

201 1505 333 1538 castra.
393 1502 478 1547 Vgl.
504 1502 547 1545 V,
571 1505 617 1536 24
642 1504 797 1545 receptos
831 1500 948 1535 Ubios.

249 1554 281 1585 9.
309 1550 513 1594 inquietare
540 1547 816 1590 ‘ersehweren’,
844 1547 949 1592 eigtl.

203 1597 324 1632 ‘nicht
349 1609 412 1631 zur
438 1596 544 1630 Ruhe
570 1595 747 1629 kommen
772 1594 923 1629 lassen’.

253 1648 306 1680 10.
323 1654 450 1679 cruore
462 1642 623 1688 foedare]
646 1641 811 1676 n'amlich
831 1642 948 1676 durch

201 1692 382 1726 unniitzes
412 1689 722 1735 Blutxzergiessen.

253 1742 306 1773 11.
349 1738 468 1783 victis]
516 1737 614 1772 Uber
647 1736 718 1770 den
738 1735 823 1772 Dat.
851 1748 878 1772 s.
905 1748 950 1770 zu

201 1786 218 1820 I
260 1789 315 1827 67,
344 1789 377 1820 4.

222 1814 231 1831 ⁷
251 1831 576 1877 amplectebantur]
609 1830 677 1864 ‘sie
703 1830 952 1864 klammerten

203 1879 282 1914 sich
311 1890 359 1914 an
380 1879 453 1912 -’.
490 1879 564 1912 Das
594 1876 665 1912 mit
694 1877 794 1912 einer
819 1877 952 1912 Pointe

203 1927 262 1961 die
271 1926 498 1961 Betrachtun
503 1937 527 1970 g
535 1924 829 1959 abschliessende
837 1924 949 1959 letzte
1008 1925 1013 1929 ’

203 1973 312 2008 Glied
350 1974 436 2008 tritt
466 1973 563 2007 nach
597 1971 669 2006 den
695 1971 951 2016 deskriptiven

204 2020 418 2056 Infinitiven
450 2020 490 2054 in
522 2019 588 2054 das
614 2019 827 2064 Imperfekt.
877 2017 950 2053 An·

204 2069 287 2103 ders
314 2068 488 2111 Draeger,
516 2066 620 2111 Synt.
647 2069 666 2108 ξ
695 2069 773 2100 145.

253 2114 495 2159 semicmimes]
555 2113 686 2148 ‘sehon
736 2113 825 2147 halb
876 2113 954 2147 ent-

206 2162 328 2198 seelt’.

259 2214 312 2244 12.
347 2208 647 2254 propuynacula]
691 2206 958 2251 ‘Briistungen‚

207 2256 453 2299 Brustwehr’,
498 2255 567 2289 wie
612 2254 716 2298 Virg.
761 2253 851 2289 Aen.
897 2253 958 2297 IV,

211 2307 278 2340 669
302 2303 587 2349 propa-quacum
612 2303 719 2336 muri.

258 2352 454 2386 convellere
476 2351 557 2385 ‘aus
571 2350 643 2384 den
663 2349 794 2394 Fugen
812 2347 959 2391 reissen,

210 2398 425 2443 sprengen’.

260 2450 314 2480 13.
342 2445 557 2490 contrariis]
584 2444 643 2478 fiir
663 2444 824 2483 adversis
850 2442 958 2487 (Sall.

211 2492 290 2527 Cat.
320 2497 382 2536 61,
410 2495 458 2536 3).

261 2543 312 2573 15.
343 2550 410 2583 per
436 2550 601 2574 aversam
630 2538 774 2572 Palatii
801 2537 959 2582 partem]

213 2586 346 2621 ‘durch
387 2586 458 2620 den
501 2586 708 2620 Hinterbau
754 2585 817 2619 des
856 2584 963 2618 Pala-

214 2634 359 2676 tiums’,
385 2633 455 2667 wie
481 2633 525 2675 ΙΙ,
553 2637 595 2667 51
621 2644 688 2676 per
715 2643 877 2666 aversam
902 2632 964 2666 do-

213 2691 294 2715 mus
314 2684 458 2724 partem
479 2679 782 2723 (‘Hinterhaus’).
819 2678 965 2712 Andere

194 2727 412 2763 ‘verstehen
456 2727 633 2761 darunter
672 2725 731 2760 die
769 2725 967 2760 Tiberiana

218 2776 356 2817 domus,
384 2775 554 2809 woriiber
580 2787 622 2808 zu
649 2774 724 2818 vgl.
752 2773 778 2816 Ι,
805 2776 862 2816 27,
888 2776 918 2806 9.

267 2822 490 2856 Aventinum
525 2821 573 2856 ist
607 2820 666 2856 ein
699 2820 868 2855 Glossem
901 2825 987 2854 aus‘

220 2880 249 2904 c.
281 2873 323 2902 70
351 2870 574 2904 Aventinum
601 2872 631 2903 et
653 2871 804 2912 penates
829 2867 968 2908 uxoris,

1074 1463 1128 1493 16.
1174 1459 1216 1492 in
1253 1458 1398 1493 domum
1439 1456 1583 1502 uxoris]
1627 1455 1773 1491 Abwei-
1807 1483 1810 1487 .

1024 1505 1143 1540 chend
1186 1505 1284 1539 Suet.
1320 1504 1395 1539 Vit.
1431 1507 1473 1538 16
1511 1504 1652 1539 duobus
1687 1503 1775 1538 solis

1023 1552 1233 1595 comitibus,
1266 1552 1406 1596 pistore
1437 1554 1470 1586 et
1501 1561 1630 1595 coquo,
1655 1550 1775 1585 Aven-

1022 1600 1141 1634 tinum
1191 1603 1223 1634 et
1263 1603 1459 1643 paternam
1502 1598 1646 1633 domum
1683 1598 1776 1632 clam

1018 1648 1118 1691 petit.

1070 1693 1181 1739 diem]
1207 1693 1241 1727 d.
1267 1693 1292 1728 i.
1314 1692 1467 1727 diurnae
1486 1691 1580 1727 lucis
1599 1690 1776 1737 pericula.

1074 1750 1127 1781 17.
1158 1746 1374 1792 mobilitate]
1405 1757 1432 1781 s,
1460 1757 1503 1779 zu
1527 1744 1561 1789 I,
1589 1748 1621 1790 7,
1648 1749 1680 1779 9.

1077 1803 1130 1834 18.
1153 1799 1366 1843 praesentia
1394 1798 1477 1833 ‘das
1498 1798 1676 1832 znnaichst
1695 1796 1775 1832 Lie-

1033 1847 1182 1892 gende’.

1078 1898 1132 1928 19.
1159 1896 1285 1928 castus
1308 1892 1391 1927 hier
1419 1892 1533 1927 ‘ode’.

1073 1951 1129 1981 20.
1157 1947 1308 1982 servitia
1335 1963 1378 1974 =
1398 1946 1503 1985 servi,
1529 1944 1599 1979 wie
1617 1943 1644 1987 Ι,
1666 1948 1722 1987 32,
1745 1948 1776 1979 1.

1024 1993 1087 2037 IV,
1111 1998 1141 2038 1,
1165 1998 1218 2030 11.
1242 1997 1299 2036 23,
1320 1996 1377 2027 23.
1406 1993 1445 2027 A.
1467 1991 1549 2036 XII,
1566 1995 1619 2028 17.
1633 1991 1731 2034 XIV,
1744 1995 1775 2026 7.

1027 2045 1082 2076 39.
1111 2045 1153 2076 61
1182 2041 1257 2075 und
1284 2040 1398 2075 ofters
1423 2039 1485 2074 bei
1510 2039 1649 2083 Livius,
1675 2038 1776 2073 wath-

1027 2089 1119 2123 rend
1140 2087 1214 2123 Cic.
1234 2088 1299 2122 das
1326 2087 1566 2121 Abstractum
1591 2086 1641 2120 im
1674 2085 1776 2131 Sing.

1031 2136 1107 2170 und
1128 2135 1178 2169 im
1200 2135 1299 2169 Plur.
1314 2133 1386 2168 mii:
1405 2133 1650 2168 kollektivem
1666 2132 1779 2168 Sinne

1032 2182 1092 2217 fiir
1125 2181 1412 2216 Sklavenschaft.
1443 2175 1665 2225 gebraucht‘
1686 2181 1778 2225 (acc.

1033 2231 1071 2265 in
1100 2230 1200 2264 Verr.
1228 2229 1261 2263 V
1287 2232 1306 2271 ἓ
1333 2232 1365 2263 9.
1410 2227 1489 2263 Cat.
1516 2227 1566 2261 IV
1592 2231 1611 2269 ξ
1637 2228 1685 2271 4).

1081 2287 1136 2318 21.
1158 2281 1282 2328 terret]
1308 2281 1383 2327 vgl.
1405 2281 1515 2326 Verg.
1536 2280 1626 2315 Aen.
1648 2279 1692 2323 11,
1713 2283 1780 2315 755

1032 2331 1162 2365 horror
1200 2330 1331 2374 ubique
1369 2329 1492 2363 animo
1531 2329 1631 2373 (est),
1672 2327 1782 2362 simul

1033 2379 1117 2422 ipsa
1143 2378 1289 2412 silentia
1314 2379 1459 2411 terrent.

1082 2431 1151 2465 Ioci
1179 2430 1253 2465 ‘die
1273 2429 1427 2473 Rttume,
1451 2427 1685 2472 Gem’acher’‚
1713 2426 1783 2462 wie

1034 2476 1076 2513 G.
1106 2481 1159 2512 16.
1187 2478 1228 2511 A.
1256 2475 1352 2519 XIV,
1381 2479 1411 2510 5.

1084 2530 1246 2574 temptat]
1287 2529 1473 2574 pr'a'tgnanb
1515 2528 1570 2563 ‘er
1609 2528 1785 2563 versucht

1041 2589 1083 2612 zu
1111 2578 1262 2612 &fl'nen'.

1087 2635 1142 2665 22.
1173 2640 1274 2664 error
1302 2629 1384 2664 ‘das
1409 2627 1675 2663 Umberirren'.

1082 2678 1259 2722 pudenda
1296 2676 1449 2721 latebra]
1491 2675 1591 2710 Suet.
1631 2674 1706 2709 Vit.
1740 2677 1784 2708 16

1040 2726 1274 2769 consuyitque
1315 2724 1357 2758 in
1394 2723 1558 2757 cellulam
1600 2721 1784 2763 ianitoris,

1040 2773 1193 2816 reliyato
1213 2782 1284 2815 pro
1309 2771 1450 2813 foribus
1472 2780 1560 2804 cane
1579 2769 1734 2813 lectoque
1753 2771 1785 2802 et

1041 2820 1174 2853 culcita
1200 2819 1354 2853 obiectis.
1395 2817 1497 2852 Cass.
1517 2816 1586 2851 Dio
1606 2815 1718 2858 LXV,
1738 2817 1783 2849 20

1041 2866 1169 2900 machi:
1194 2866 1328 2900 daraus
1354 2864 1463 2900 einen
1486 2861 1721 2898 Hundestall.
1791 2868 1793 2870 ’
